3015 4288
1150 307 1383 360 LIBER
1431 308 1775 363 TERTms
2473 317 2555 384 93

529 483 916 550 Dissiluisse
949 485 1194 561 ferunt,
1230 507 1380 550 cum
1416 489 1720 570 protinus
1753 496 2034 570 utraque
2065 486 2263 551 tellus

524 589 682 652 Una
714 589 924 666 foret;
972 590 1155 653 venit
1186 591 1402 653 medio
1432 591 1498 653 vi
1531 600 1775 673 pontus
1808 600 1875 654 et
1906 590 2101 654 undis

430 740 434 745 .
526 692 933 775 Hesperium
968 693 1192 758 Siculo
1225 695 1398 758 latus
1430 694 1732 771 abscidit,
1768 715 2060 777 arvaque
2093 704 2161 759 et
2192 695 2392 760 urbes

350 926 443 973 420

347 1441 440 1494 425

347 1962 440 2012 430

344 2480 437 2533 435

526 796 751 861 Litore
782 797 1086 860 diductas
1118 808 1404 879 angusto
1435 798 1730 862 interluit
1762 809 1971 862 aestu.

528 901 852 963 Dextrum
887 901 1114 985 Scylla
1146 903 1340 978 latuS,
1374 903 1639 965 laevum
1670 903 2030 985 implacata
2061 902 2441 988 Charybdis

522 1004 824 1081 Obsidet,
859 1014 1059 1087 atque
1091 1008 1223 1068 imo
1255 1006 1549 1070 barathri
1580 1016 1680 1070 ter
1710 1008 1976 1089 gurgite
2010 1018 2235 1071 vastos

523 1106 765 1172 Sorbet
796 1112 863 1171 in
897 1109 1253 1191 abruptum
1287 1109 1547 1187 fluctuS,
1583 1131 1948 1194 rursusque
1981 1111 2105 1174 sub
2137 1131 2336 1176 auras

523 1212 737 1294 Erigit
766 1213 1060 1277 alternos
1093 1222 1161 1277 et
1191 1214 1407 1278 sidera
1439 1215 1747 1278 verberat
1781 1216 1976 1278 unda.

519 1312 617 1375 At
647 1313 942 1397 Scyllam
976 1315 1193 1376 caecis
1226 1314 1492 1378 cohibet
1518 1315 1840 1397 spelunca
1871 1314 2161 1393 latebriS,

521 1415 662 1480 Ora
693 1426 1137 1481 exsertantem
1172 1426 1240 1480 et
1272 1438 1477 1481 naves
1513 1419 1580 1481 in
1616 1439 1775 1481 saxa
1806 1420 2203 1483 trahentem.

523 1521 740 1583 Prima
761 1521 1058 1584 -homi'nis
1090 1521 1298 1585 facies
1330 1530 1398 1584 et
1431 1523 1710 1604 pulchro
1744 1533 2014 1604 pectore
2047 1523 2236 1606 virgo

522 1624 703 1688 Pub'e
736 1635 949 1700 tenus,
987 1634 1323 1707 postrema
1346 1627 1622 1688 immani
1654 1645 1929 1708 corpore
1963 1626 2194 1708 pistrix

525 1727 935 1810 Delphinum
968 1730 1217 1791 caudas
1251 1740 1438 1792 utero
1471 1730 1827 1793 commissa
1858 1730 2186 1812 luporum.

521 1832 823 1895 Praestat
853 1832 1180 1895 Trinacrii
1210 1843 1423 1896 metas
1455 1832 1736 1897 lustrare
1774 1833 2070 1918 Pachyni

521 1936 936 2012 Cessantem,
973 1935 1209 2017 longos
1241 1946 1308 2000 et
1341 1936 1859 2000 circumflectere
1892 1957 2145 2013 cursu8,

519 2039 742 2121 Quam
774 2039 984 2103 semel
1015 2039 1370 2103 informem
1402 2051 1592 2104 vasto
1625 2040 1869 2103 vidisse
1902 2040 2025 2103 sub
2059 2049 2253 2104 antro

520 2143 811 2228 Scyllam
846 2153 915 2207 et
946 2143 1270 2208 caeruleis
1302 2144 1580 2207 canibus
1612 2135 1994 2208 resonantia
2027 2165 2202 2209 saxa.

608 2254 644 2281 ‘⁴
669 2250 1036 2324 Praeterea,
1073 2250 1128 2311 si
1159 2269 1291 2330 qua
1321 2258 1423 2311 est
1460 2249 1727 2312 Heleno
1761 2249 2131 2330 prudentia,
2165 2249 2303 2312 vati

520 2352 593 2417 Si
623 2372 755 2434 qua
787 2352 970 2427 fides
1006 2353 1301 2414 animum
1336 2353 1390 2414 si
1422 2353 1597 2415 veris
1628 2353 1863 2433 implet
1895 2353 2164 2434 Apollo,

522 2456 751 2520 Unum
783 2455 948 2517 illud
978 2455 1116 2532 tibi,
1154 2466 1309 2519 nate
1342 2456 1487 2531 dea,
1526 2476 1781 2538 proque
1813 2457 2122 2520 omnibus
2155 2476 2363 2519 unum

520 2559 923 2634 Praedicam,
957 2568 1025 2622 et
1062 2569 1375 2641 repetens
1412 2558 1787 2642 iterumque
1825 2559 2194 2642 iterumque
2232 2558 2557 2622 monebo:

519 2662 798 2725 Iunonis
831 2682 1115 2743 magnae
1147 2662 1432 2745 primum
1467 2682 1666 2745 prece
1700 2683 1946 2725 numen
1981 2664 2218 2741 adora;

428 2768 432 2771 ⁴
519 2765 763 2828 Iunoni
794 2786 959 2829 canc
991 2775 1147 2829 vota
1179 2765 1411 2846 libem,
1447 2766 1919 2849 dominamque
1953 2777 2293 2848 potentem

340 3000 438 3048 440

339 3519 435 3573 445

518 2869 947 2951 Supplicibus
980 2855 1225 2950 supera
1257 2869 1488 2932 donis:
1537 2870 1629 2933 sic
1662 2871 1949 2952 denique
1981 2870 2187 2933 victor

516 2973 862 3038 Trinacria
893 2973 1060 3037 fines
1097 2974 1302 3036 Italos
1334 2974 1597 3036 mittere
1629 2974 1876 3037 relicta.

607 3082 643 3109 “
666 3077 823 3140 Huc
857 3075 969 3140 ubi
999 3077 1259 3140 delatus
1294 3077 1658 3141 Cumaeam
1692 3078 2052 3140 accesseris
2084 3076 2315 3142 urbem

521 3181 934 3264 Divinosque
966 3181 1151 3244 lacus
1183 3191 1250 3245 et
1284 3182 1562 3245 Averna
1594 3180 1899 3245 sonantia
1931 3180 2131 3251 silvis,

519 3285 837 3348 Insanam
869 3294 1090 3349 vatem
1125 3285 1427 3367 aspicieS‚
1464 3305 1633 3367 quae
1669 3304 1833 3366 rupe
1867 3284 1990 3346 sub
2024 3285 2157 3347 ima

520 3390 692 3453 Fata
721 3391 901 3453 canit
933 3390 1241 3472 foliisque
1276 3399 1467 3453 notas
1502 3400 1568 3452 ct
1603 3388 1872 3451 nomina
1907 3388 2195 3453 mandat.

521 3493 1001 3576 Quaecumque
1036 3494 1101 3555 in
1136 3494 1312 3556 foliis
1346 3493 1696 3574 descripsit
1730 3493 2024 3555 carmina
2058 3493 2262 3572 virg0,

522 3595 785 3674 Digerit
816 3595 885 3656 in
918 3613 1269 3657 numerum
1303 3603 1503 3675 atque
1539 3602 1730 3674 antro
1766 3592 2022 3654 seclusa
2059 3593 2385 3673 relinquit.

522 3697 648 3760 Illa
680 3706 953 3760 manent
984 3695 1258 3760 immota
1291 3696 1452 3759 locis
1487 3716 1704 3777 neque
1738 3695 1821 3757 ab
1855 3693 2084 3758 ordine
2120 3696 2405 3773 cedunt3

518 3801 771 3866 Verum
803 3801 1058 3874 eadem,
1093 3820 1285 3864 verso
1317 3801 1537 3863 tenuis
1568 3819 1721 3863 cum
1753 3798 2024 3862 cardine
2056 3808 2295 3861 ventus
