3015 4288
459 275 586 324 222

452 455 555 518 480

446 976 544 1043 485

444 1511 546 1561 490

443 2028 541 2082 495

445 2545 545 2600 500

445 3064 540 3121 505

443 3583 541 3639 5¹0

1173 266 1490 322 VERGILI
1547 266 1948 323 AENEIDOS

631 445 836 524 GenS‚
868 444 1047 513 bello
1079 448 1439 532 praeclara,
1475 447 1650 530 iugis
1681 447 1925 512 insedit
1958 447 2279 512 Etruscis,

633 551 831 615 Hanc
864 551 1108 617 multos
1140 551 1488 617 florentem
1521 572 1735 616 annos
1765 572 1881 616 rex
1910 552 2153 616 deinde
2185 553 2476 636 superbo

631 654 924 738 Imperio
953 664 1023 720 et
1053 655 1271 720 saevis
1301 657 1518 720 tenuit
1551 655 1929 722 Mezentius
1960 654 2180 719 armis.

627 757 812 842 Quid
841 779 1204 824 memorem
1235 760 1551 825 infandas
1582 760 1845 837 caedes,
1878 758 2037 842 quid
2069 759 2253 824 facta
2280 761 2552 845 tyranni

628 863 906 928 Effera?
951 864 1019 928 di
1050 862 1255 948 capiti
1285 863 1495 948 ipsius
1525 863 1891 947 generique
1921 864 2298 929 reservent!

630 967 899 1032 Mortua
929 966 1087 1052 quin
1121 967 1322 1033 etiam
1356 966 1678 1050 iungebat
1708 987 1991 1052 corpora
2019 965 2207 1045 viviS‚

625 1072 1056 1156 Componens
1087 1071 1529 1155 manibusque
1562 1092 1800 1136 manus
1831 1081 2033 1155 atque
2065 1072 2289 1136 oribus
2319 1091 2460 1149 ora,

622 1175 972 1241 Tormenti
1001 1195 1236 1260 genus,
1269 1185 1340 1241 et
1371 1178 1560 1240 sanie
1591 1176 1882 1260 taboque
1913 1174 2198 1240 fluentes

623 1280 994 1364 Complexu
1025 1281 1093 1344 in
1125 1281 1368 1344 misero
1399 1280 1604 1363 longa
1639 1279 1733 1344 sic
1764 1289 1979 1344 morte
2009 1279 2313 1344 necabat.

624 1384 723 1448 At
751 1382 915 1448 fessi
944 1384 1216 1448 tandem
1247 1385 1429 1449 cives
1461 1383 1742 1449 infanda
1772 1383 2110 1447 furentem

623 1486 890 1552 Armati
917 1487 1416 1554 circumsistunt
1446 1489 1803 1571 ipsumque
1834 1488 2259 1570 domumque,

623 1591 1051 1657 Obtruncant
1080 1591 1314 1668 socios,
1350 1590 1576 1675 ignem
1608 1591 1694 1655 ad
1726 1590 1998 1674 fastigia
2028 1591 2295 1655 iactant.

625 1694 748 1760 Ille
779 1693 950 1760 inter
980 1695 1259 1760 caedem
1296 1695 1698 1759 Rutulorum
1731 1696 2005 1778 elapsus
2036 1694 2103 1758 in
2136 1715 2337 1778 agros

624 1796 1029 1883 Confugere,
1064 1808 1134 1864 et
1163 1799 1378 1863 Turni
1407 1798 1761 1864 defendier
1791 1798 2076 1882 hospitis
2106 1800 2324 1863 armis.

712 1908 750 1935 “
772 1903 957 1986 Ergo
986 1902 1202 1967 omnis
1234 1903 1426 1967 furiis
1457 1902 1741 1967 surrexit
1774 1901 2042 1966 Etruria
2072 1901 2297 1980 iustis;

626 2007 887 2089 Regem
918 2007 1005 2070 ad
1036 2006 1440 2090 supplicium
1479 2008 1821 2090 praesenti
1854 2007 2076 2071 Marte
2108 2016 2486 2090 reposcunt.

624 2110 756 2176 His
785 2130 913 2194 ego
943 2119 1031 2189 te,
1066 2111 1322 2188 Aenea,
1357 2110 1703 2176 ductorem
1735 2110 2000 2175 milibus
2031 2109 2293 2175 addam.
2546 2097 2551 2103 ⁶

619 2214 796 2279 Toto
827 2235 1119 2298 namque
1148 2215 1448 2280 fremunt
1476 2215 1859 2280 condensae
1890 2214 2083 2279 litore
2113 2235 2397 2299 puppes,

622 2317 963 2401 Signaque
994 2319 1173 2383 ferre
1204 2318 1469 2398 iubent3
1519 2320 1763 2384 retinet
1791 2318 2159 2402 longaevus
2190 2320 2528 2404 haruspex

622 2421 794 2485 Fata
822 2441 1115 2487 canans:
1188 2422 1282 2488 ‘O
1318 2422 1675 2487 Maeoniae
1708 2423 1966 2487 delecta
1996 2423 2324 2501 iuventuS,

627 2525 785 2589 Flos
815 2534 1118 2590 veterum
1148 2526 1492 2610 virtusque
1524 2526 1758 2604 virum,
1794 2547 1961 2609 quos
1994 2524 2206 2591 iustus
2235 2525 2304 2589 in
2338 2527 2601 2593 hostem

623 2628 785 2693 Fert
814 2629 1002 2693 dolor
1032 2640 1101 2693 et
1132 2630 1368 2694 merita
1399 2631 1709 2695 accendit
1741 2629 2114 2695 Mezentius
2143 2629 2259 2707 ira,

622 2731 808 2796 Nulli
837 2733 945 2798 fas
979 2734 1152 2798 Italo
1181 2743 1439 2798 tantam
1471 2734 1877 2816 subiungere
1908 2743 2178 2816 gentem
2207 2754 2221 2798 τ

622 2836 952 2901 Externos
982 2846 1212 2920 optate
1244 2837 1490 2901 duces.’
1606 2839 1783 2902 Tum
1821 2838 2106 2902 Etrusca
2136 2838 2384 2903 resedit

624 2941 778 3004 Hoc
808 2939 986 3005 acies
1016 2960 1275 3024 campo,
1310 2940 1580 3006 monitis
1611 2942 1923 3005 exterrita
1953 2940 2198 3006 divum.

622 3045 782 3128 lpse
811 3053 1108 3109 oratores
1140 3044 1224 3109 ad
1258 3064 1365 3109 me
1396 3045 1720 3129 regnique
1752 3065 2067 3109 coronam

619 3148 792 3214 Cum
824 3157 1091 3232 sceptro
1124 3148 1303 3213 misit
1332 3148 1742 3232 mandatque
1774 3147 2065 3231 insignia
2096 3149 2429 3227 Tarchon,

621 3251 996 3318 Succedam
1027 3251 1282 3330 castris,
1316 3253 1804 3338 Tyrrhenaque
1837 3273 2047 3336 regna
2078 3273 2446 3337 capessam.

620 3355 757 3422 Sed
788 3355 951 3421 mihi
980 3356 1174 3420 tarda
1205 3358 1361 3439 gelu
1393 3356 1763 3441 saeclisque
1794 3357 2003 3421 effeta
2033 3366 2345 3422 senectus

622 3458 891 3525 Invidet
922 3459 1272 3542 imperium
1309 3480 1631 3543 seraeque
1663 3460 1747 3524 ad
1779 3461 1980 3525 fortia
2009 3460 2201 3525 vires.

622 3564 876 3628 Natum
907 3566 1308 3641 exhortarer,
1343 3565 1411 3628 ni
1447 3565 1691 3629 mixtus
1723 3576 1934 3629 matre
1969 3565 2237 3631 Sabella

623 3667 804 3732 Hinc
837 3678 1094 3752 partem
1131 3670 1383 3750 patriae
1416 3669 1728 3734 traheret.
1822 3671 1946 3745 Tu,
1982 3671 2170 3733 cuius
2200 3679 2269 3733 et
2298 3669 2494 3736 annis

621 3772 716 3840 Et
744 3772 978 3859 generi
1010 3772 1153 3836 fata
1184 3772 1554 3856 indulgent,
1589 3794 1785 3855 quem
1818 3773 2094 3839 numina
2124 3782 2428 3857 poscunt,
