3015 4288
459 198 463 209 ⁵
497 246 620 320 252
831 220 840 231 ‘
1204 240 1524 299 vanem
1577 240 1980 298 Assnmnos

671 425 816 489 Nec
850 422 1095 509 duplici
1129 443 1406 507 squama
1435 421 1640 487 lorica
1670 421 1883 487 fidelis
1913 430 1981 488 et
2011 442 2172 488 auro

670 529 1036 605 Sustinuit3
1084 528 1404 611 conlapsa
1436 538 1639 591 ruunt
1670 526 1986 590 immania
2018 526 2333 592 membra.

671 634 810 699 Dat
840 634 1036 698 tellus
1067 633 1408 715 gemitum,
1442 641 1512 696 et
1543 631 1831 715 clipeum
1866 651 2067 713 super
2100 631 2361 695 intonat
2389 632 2650 715 ingens.

494 764 589 816 710
667 738 852 802 Talis
883 737 950 802 in
985 734 1286 800 Euboico
1320 734 1632 798 Baiarum
1667 735 1864 802 litore.
1888 735 2225 817 quondam

670 842 887 907 Saxea
918 840 1055 925 pila
1082 840 1280 915 cadit,
1315 840 1579 927 magnis
1611 859 1812 922 quam
1845 838 2130 903 molibus
2161 849 2318 904 ante

668 945 1134 1012 Constructam
1169 952 1376 1027 ponto
1407 942 1659 1006 iaciunt
1684 962 1701 1019 5
1748 941 1844 1007 sic
1874 943 1986 1006 illa
2016 945 2276 1008 ruinam

670 1049 885 1114 Prona
914 1048 1134 1124 trahit,
1170 1047 1575 1131 penitusque
1604 1047 1797 1111 vadis
1828 1046 2023 1111 inlisa
2054 1047 2416 1125 recumbit;

672 1153 962 1216 Miscent
994 1172 1066 1217 se
1098 1151 1324 1229 maria,
1357 1161 1426 1216 et
1456 1150 1690 1234 nigrae
1722 1150 2113 1215 attolluntur
2143 1151 2469 1229 harenae3

494 1277 587 1333 715
670 1256 845 1319 Tum
877 1256 1097 1320 sonitu
1133 1256 1466 1342 Prochyta
1498 1254 1636 1319 alta
1667 1256 1909 1332 tremit,
1945 1255 2317 1337 durumque
2349 1253 2566 1319 cubile

670 1359 957 1424 Inarime
993 1360 1171 1424 Iovis
1201 1359 1498 1442 imperiis
1529 1358 1819 1443 imposta
1849 1359 2198 1445 Typhon.

758 1464 891 1528 Hic
927 1465 1113 1528 Mars
1144 1462 1558 1546 armipotens
1590 1462 1886 1526 animum
1917 1463 2226 1546 viresque
2261 1462 2522 1528 Latinis

669 1564 971 1643 Addidit,
1004 1575 1073 1631 et
1102 1565 1405 1632 stimulos
1437 1586 1627 1631 acres
1658 1565 1783 1630 sub
1815 1576 2088 1651 pectore
2117 1569 2334 1644 vertit,

671 1672 1085 1754 Immisitque
1120 1671 1384 1753 Fugam
1415 1670 1696 1735 Teucris
1728 1679 2080 1754 atrumque
2111 1671 2470 1735 Timorem.

493 1800 590 1851 720
671 1774 987 1858 Undique
1019 1775 1441 1851 conveniunt,
1475 1775 1791 1857 quoniam
1825 1775 1983 1839 data
2012 1775 2208 1865 copia
2238 1793 2529 1859 pugnae,

673 1878 1096 1962 Bellatorque
1126 1878 1349 1943 animo
1380 1878 1550 1942 deus
1581 1878 1831 1943 incidit.

757 1981 1117 2060 Pandarus,
1151 1992 1226 2047 ut
1255 1983 1410 2047 fuso
1442 2003 1839 2066 germanum
1870 2003 2151 2066 corpore
2181 1983 2411 2059 cernit,

671 2085 759 2151 Et
790 2106 922 2169 quo
955 2087 1041 2152 sit
1073 2087 1344 2152 fortuna
1375 2085 1542 2164 loco,
1575 2085 1691 2171 qui
1720 2107 1918 2152 casus
1950 2095 2109 2169 agat
2140 2106 2266 2163 res,

671 2192 938 2255 Portam
967 2191 1035 2255 vi
1064 2190 1276 2255 multa
1306 2211 1633 2256 converso
1662 2190 1934 2256 cardine
1967 2199 2249 2272 torquet,

494 2316 590 2372 725
674 2294 980 2361 Obnixus
1011 2295 1162 2359 latis
1192 2294 1458 2371 umeris,
1493 2294 1871 2378 multosque
1909 2313 2178 2358 suorum

672 2398 1030 2463 Moenibus
1058 2397 1365 2463 exclusos
1395 2398 1563 2463 duro
1595 2399 1665 2462 in
1696 2397 2060 2462 certamine
2092 2397 2367 2481 linquit;

666 2502 801 2566 Ast
829 2503 994 2567 alios
1024 2522 1250 2566 secum
1282 2502 1563 2567 includit
1593 2501 1959 2585 recipitque
1991 2510 2278 2578 ruentes,

672 2606 1006 2670 Demens!
1054 2607 1169 2689 qui
1204 2606 1530 2671 Rutulum
1561 2605 1630 2670 in
1662 2605 1881 2670 medio
1913 2626 2048 2670 non
2080 2605 2350 2687 agmine
2380 2624 2612 2688 regem

669 2709 925 2774 Viderit
957 2709 1469 2793 inrumpentem,
1502 2709 1813 2792 ultroque
1843 2708 2185 2773 incluserit
2217 2708 2381 2788 urbi,

494 2840 590 2893 730
673 2814 1043 2878 Immanem
1075 2814 1281 2877 veluti
1312 2833 1558 2897 pecora
1586 2812 1762 2878 inter
1789 2814 2029 2877 inertia
2059 2814 2300 2896 tigrim.

669 2917 1005 2983 Continuo
1037 2938 1210 2981 nova
1242 2917 1352 2981 lux
1383 2916 1595 2982 oculis
1625 2916 1901 2994 effulsit,
1935 2926 2006 2981 et
2035 2937 2221 2981 arma

672 3021 1099 3085 Horrendum
1132 3041 1452 3100 sonuere3
1499 3030 1795 3086 tremunt
1824 3020 1894 3085 in
1924 3020 2173 3087 vertice
2203 3021 2444 3086 cristae

670 3124 1113 3206 Sanguineae,
1148 3125 1497 3209 clipeoque
1531 3125 1844 3190 micantia
1875 3125 2159 3189 fulmina
2191 3125 2408 3189 mittit.

669 3227 1120 3310 Adgnoscunt
1150 3229 1392 3294 faciem
1427 3229 1710 3294 invisam
1742 3239 1943 3313 atque
1976 3229 2292 3293 immania
2323 3227 2621 3295 membra

495 3351 590 3411 735
671 3332 952 3397 Turbati
984 3333 1203 3398 subito
1238 3335 1622 3399 Aeneadae.
1715 3335 1892 3398 Tum
1929 3334 2272 3398 Pandarus
2304 3333 2546 3416 ingens

672 3436 953 3514 Emicat,
987 3448 1056 3501 et
1088 3438 1317 3503 mortis
1350 3439 1688 3503 fraternae
1720 3437 2016 3502 fervidus
2049 3438 2146 3502 ira

670 3540 975 3606 Effatur:
1026 3547 1064 3575 “
1088 3542 1243 3607 Non
1277 3543 1442 3606 haec
1475 3542 1714 3606 dotalis
1745 3541 1929 3624 regia
1959 3540 2285 3619 Amatae;

672 3645 817 3711 Nec
851 3645 1055 3709 muris
1088 3644 1354 3709 cohibet
1387 3645 1620 3727 patriis
1653 3645 1871 3708 media
1904 3643 2135 3709 Ardea
2166 3646 2488 3712 Turnum.

671 3749 909 3818 Castra
939 3748 1205 3812 inimica
1237 3748 1461 3824 vides;
1510 3747 1692 3811 nulla
1723 3748 1876 3813 hinc
1908 3747 2088 3813 exire
2122 3749 2477 3834 potestas.”
