3015 4288
1034 247 1041 253 ’
1101 259 1170 313 ιι
1182 259 1331 311 BER
1380 257 1849 312 UNDECIMUS
2451 266 2571 335 301

539 438 630 505 Et
659 438 1067 503 circumfuso
1096 435 1464 500 volitabant
1498 435 1705 499 milite
1737 433 1986 500 Volsci.
2131 511 2138 519 ‚

539 544 736 619 Ecce,
771 543 978 625 fugae
1011 541 1249 618 medi0,
1286 540 1564 603 summis
1597 540 1983 604 Amasenus
2015 539 2370 609 abundans

536 647 909 731 Spumabat
941 646 1139 729 ripis3
1189 654 1418 709 tantus
1451 664 1524 708 se
1558 643 1849 708 nubibus
1880 644 2093 709 imber

536 753 856 835 Ruperat.
954 750 1095 826 Ille,
1131 748 1366 812 innare
1387 769 1667 832 parans,
1702 748 1980 813 infantis
2014 769 2243 814 amore

353 879 455 935 550
533 856 886 931 Tardatur,
924 873 1212 936 caroque
1245 852 1671 917 oneritimet.
1769 853 2019 918 Omnia
2049 873 2279 919 secum

350 1398 446 1453 555

341 2425 440 2494 565

342 2956 445 3011 570

343 3472 441 3528 575

531 959 847 1024 Versanti
880 957 1098 1022 subito
1131 957 1240 1020 vix
1272 957 1438 1021 haec
1471 957 1804 1021 sententia
1836 956 2023 1021 sedit.

532 1064 772 1128 Telum
803 1062 1096 1125 immane
1129 1081 1333 1124 manu
1367 1061 1589 1124 valida
1621 1061 1799 1143 quod
1834 1061 2009 1125 forte
2039 1062 2318 1142 gerebat

534 1168 842 1243 Bellator,
877 1166 1162 1230 solidum
1195 1164 1390 1229 nodis
1424 1173 1491 1228 et
1522 1164 1759 1228 robore
1790 1173 1999 1242 coct0,

534 1272 713 1336 Huic
745 1279 971 1334 natam
1006 1269 1173 1333 libro
1207 1278 1276 1333 et
1311 1267 1596 1331 silvestri
1630 1267 1868 1332 subere
1901 1268 2215 1347 clausam,

534 1374 862 1456 Implicat,
896 1382 1098 1457 atque
1133 1371 1423 1435 habilem
1459 1372 1721 1436 mediae
1753 1371 2172 1455 circumligat
2202 1374 2477 1455 hastae;

530 1477 753 1561 Quam
785 1478 1020 1541 dextra
1051 1474 1310 1559 ingenti
1345 1475 1599 1539 librans
1630 1476 1717 1539 ad
1750 1476 2027 1540 aethera
2055 1477 2275 1540 fatur:

531 1588 547 1616 ‘
570 1582 791 1659 Alma,
827 1582 946 1646 tibi
979 1583 1172 1658 hane,
1207 1601 1559 1645 nemorum
1597 1581 1854 1657 cultrix,
1892 1581 2178 1645 Latonia
2208 1582 2413 1665 virgo,
2492 1630 2535 1641 -,

531 1686 688 1768 Ipse
722 1695 912 1769 pater
944 1686 1266 1749 famulam
1299 1704 1552 1749 voveo:
1604 1693 1720 1748 tua
1752 1685 1967 1766 prima
2000 1705 2120 1768 per
2150 1706 2347 1750 auras

527 1790 694 1854 Tela
725 1799 963 1853 tenens
995 1789 1278 1872 supplex
1311 1790 1572 1854 hostem
1605 1788 1799 1871 fugit.
1895 1788 2171 1871 Accipe,
2207 1799 2435 1867 testor,

532 1894 725 1970 Diva,
761 1903 963 1969 tuam,
999 1912 1171 1976 quae
1205 1913 1384 1956 nunc
1418 1891 1639 1956 dubiis
1682 1892 2116 1956 committitur
2148 1894 2366 1958 auris!

617 2002 653 2030 ‘⁴
678 1998 878 2073 Dixit,
913 2006 981 2061 et
1012 1997 1303 2060 adducto
1336 2005 1715 2060 contortum
1752 1997 1991 2061 hastile
2027 1997 2274 2062 lacerto

528 2101 870 2167 Immittit:
919 2120 1200 2165 sonuere
1235 2100 1492 2177 undae;
1546 2101 1854 2185 rapidum
1888 2123 2091 2187 super
2123 2123 2388 2167 amnem

527 2206 771 2270 Infelix
802 2205 979 2288 fugit
1007 2206 1076 2268 in
1109 2205 1325 2269 iaculo
1360 2205 1686 2270 stridente
1720 2207 2019 2272 Camilla.

524 2311 622 2375 At
656 2309 988 2386 Metabus,
1025 2330 1273 2392 magna
1308 2309 1584 2392 propius
1618 2309 1751 2373 iarn
1784 2322 2066 2393 urgente
2097 2322 2388 2390 caterva,

530 2415 667 2478 Dat
699 2434 845 2477 sese
880 2413 1100 2490 fluvi0,
1133 2422 1337 2496 atque
1371 2413 1635 2477 hastam
1669 2434 1821 2479 cum
1853 2415 2113 2498 virgine
2144 2417 2357 2481 victor

523 2517 883 2583 Gramineo
915 2518 1164 2581 donum
1197 2516 1464 2580 Triviae
1499 2518 1586 2581 de
1617 2521 1915 2601 caespite
1945 2519 2146 2584 vellit.

613 2627 648 2654 ‘⁴
669 2622 825 2685 Non
858 2621 1042 2684 illum
1075 2623 1270 2686 tectis
1308 2622 1501 2700 ullae,
1537 2645 1673 2687 non
1705 2625 2055 2690 moenibus
2086 2625 2289 2691 urbes
2390 2654 2395 2663 ·

522 2726 891 2807 Accepere,
925 2745 1145 2808 neque
1177 2725 1321 2808 ipse
1355 2747 1598 2791 manus
1631 2729 1898 2794 feritate
1929 2730 2259 2808 dedisset3

524 2830 869 2893 Pastorum
903 2838 970 2892 et
1001 2828 1157 2892 solis
1190 2831 1412 2912 exegit
1452 2832 1808 2902 montibus¹
1835 2853 2091 2897 aevum.

525 2932 657 2995 Hic
691 2941 917 2995 natam
951 2932 1017 2995 in
1053 2932 1272 2997 dumis
1306 2935 1613 3018 interque
1647 2936 1983 3000 horrentia
2013 2937 2223 3002 lustra

521 3035 934 3099 Armentalis
965 3055 1179 3118 equae
1213 3038 1523 3101 mammis
1554 3048 1621 3103 et
1653 3040 1826 3104 lacte
1858 3040 2074 3104 ferino

524 3139 859 3215 Nutribat,
892 3140 1141 3204 teneris
1175 3140 1581 3224 immulgens
1613 3142 1819 3206 ubera
1852 3144 2072 3208 labris·

524 3244 752 3325 thue
786 3244 1032 3324 pedum
1068 3245 1300 3326 primis
1333 3245 1562 3309 infans
1593 3246 1876 3329 vestigia
1910 3248 2156 3330 plantis

526 3345 888 3423 Institerat,
924 3347 1140 3411 iaculo
1174 3349 1432 3429 palmas
1466 3350 1748 3414 armavit
1780 3361 1996 3427 acut0,

523 3449 928 3534 Spiculaque
961 3471 1042 3514 ex
1073 3472 1303 3515 umero
1336 3473 1584 3534 parvae
1618 3455 1968 3536 suspendit
1998 3466 2066 3520 et
2097 3475 2345 3521 arcum.

525 3555 651 3617 Pro
684 3555 914 3618 crinali
947 3576 1126 3631 auro,
1166 3576 1284 3636 pro
1318 3557 1560 3638 longae
1595 3559 1889 3640 tegmine
1925 3560 2163 3641 pallae,

523 3658 815 3740 Tigridis
848 3659 1124 3722 exuviae
1159 3680 1279 3741 per
1311 3661 1580 3724 dorsum
1616 3682 1654 3723 a
1693 3663 1939 3727 vertice
1980 3665 2296 3745 pendent.

523 3762 692 3826 Tela
722 3782 924 3825 manu
956 3765 1088 3825 iam
1120 3772 1261 3826 tum
1294 3773 1527 3827 tenera
1559 3765 1840 3846 puerilia
1870 3769 2082 3844 torsit,
2164 3826 2168 3831 .
