3015 4288
424 264 444 310 1
466 260 538 311 12
1125 255 1443 311 VERGILI
1497 257 1655 311 AEN
1665 255 1898 309 EIDOS

418 450 505 512 285
593 437 819 519 Atque
852 440 1145 504 animum
1179 460 1354 502 nunc
1389 439 1519 502 huc
1561 438 1864 513 celerem,
1900 456 2079 502 nunc
2111 436 2342 502 dividit
2372 436 2546 514 illuc,

596 542 671 603 In
708 554 1064 627 partesque
1096 544 1269 625 rapit
1303 543 1519 605 varias
1553 562 1804 624 perque
1836 544 2058 605 omnia
2090 550 2327 605 versat.

594 646 786 708 Haec
820 647 1172 710 alternanti
1205 648 1420 727 potior
1452 647 1783 710 sententia
1811 645 1957 708 visa
1986 655 2123 709 est:

593 738 951 814 Mnesthea
988 751 1509 831 Sergestumque
1542 758 1736 812 vocat
1767 750 2143 831 fortemque
2177 750 2533 825 Serestum,

592 854 892 919 Classem
924 863 1157 935 aptent
1188 853 1371 916 taciti
1403 853 1748 935 sociosque
1781 853 1866 915 ad
1900 852 2089 916 litora
2120 862 2384 935 cogant,

416 983 508 1032 290
593 959 803 1021 Arma
837 968 1092 1039 parent,
1127 967 1212 1033 et,
1249 977 1421 1039 quae
1452 956 1654 1021 rebus
1687 958 1772 1020 sit
1801 977 2004 1020 causa
2035 955 2380 1031 novandiS,

595 1061 1033 1125 Dissimulent
1053 1082 1068 1139 ;
1120 1081 1269 1124 sese
1302 1061 1575 1137 interea,
1610 1062 1877 1143 quando
1910 1060 2162 1142 optima
2197 1059 2376 1122 Dido

594 1165 865 1228 Nesciat
896 1175 963 1229 et
993 1174 1218 1229 tantos
1249 1166 1467 1246 rumpi
1499 1186 1637 1228 non
1669 1148 1894 1245 sp³eret
1925 1184 2204 1239 amoreS,

589 1269 1099 1350 Temptaturum
1134 1269 1371 1343 adituS,
1405 1279 1473 1332 et
1505 1289 1677 1350 quae
1710 1267 2097 1331 mollissima
2128 1266 2318 1331 fandi

588 1372 941 1454 Tempora,
979 1374 1126 1455 quis
1158 1373 1358 1436 rebus
1390 1372 1620 1435 dexter
1652 1371 1903 1435 modus.
2004 1369 2213 1435 Ocius
2244 1390 2475 1435 omnes

414 1502 507 1554 295
593 1476 885 1557 Imperio
920 1476 1077 1539 laeti
1110 1485 1349 1557 parent
1380 1495 1459 1540 ac
1491 1455 1672 1538 iussa
1703 1469 2065 1539 facessunt.

677 1682 774 1746 At
804 1683 1037 1764 regina
1068 1683 1532 1766 dolos—quis
1564 1684 1798 1747 fallere
1832 1685 2042 1765 possit
2074 1692 2410 1746 amantem
2435 1682 2564 1744 ?—

593 1787 986 1862 Praesensit,
1021 1797 1377 1869 motusque
1408 1786 1671 1867 excepit
1703 1787 1917 1869 prima
1950 1788 2225 1861 futuros,
2528 1786 2532 1791 ’

593 1890 838 1954 Omnia
868 1898 1012 1953 tuta
1042 1892 1303 1954 timens
1402 1891 1656 1954 Eadem
1689 1890 1894 1972 impia
1929 1891 2141 1953 Fama
2170 1889 2418 1953 furenti

595 1993 852 2057 Detulit
885 1995 1127 2056 armari
1159 1995 1444 2058 classem
1476 2014 1877 2076 cursumque
1908 1995 2144 2078 parari.

416 2124 512 2178 300
594 2097 821 2163 Saevit
853 2098 1048 2181 inops
1082 2098 1304 2175 animi,
1339 2108 1684 2181 totamque
1718 2098 1988 2162 incensa
2021 2118 2140 2181 per
2174 2097 2401 2162 urbem

596 2202 990 2278 Bacchatur,
1026 2203 1240 2285 qualis
1274 2202 1623 2266 commotis
1656 2203 1871 2266 excita
1902 2204 2107 2266 sacris

594 2306 867 2389 Thyias,
903 2305 1015 2369 ubi
1046 2306 1274 2370 audito
1310 2306 1657 2369 stimulant
1687 2306 2015 2369 trieterica
2051 2307 2317 2369 Baccho

597 2408 807 2490 Orgia
838 2420 1339 2492 nocturnusque
1371 2419 1569 2473 vocat
1601 2409 1889 2473 clamore
1924 2408 2303 2473 Cithaeron.

594 2513 898 2576 Tandem
932 2513 1036 2576 his
1070 2515 1354 2577 Aenean
1388 2512 1752 2594 compellat
1781 2512 2058 2576 vocibus
2092 2512 2301 2576 ultro:

420 2643 512 2695 305
688 2621 723 2648 “
748 2617 1186 2680 Dissimulare
1220 2617 1421 2680 etiam
1455 2616 1759 2697 sperasti,
1797 2616 2066 2697 perfide,
2100 2625 2360 2679 tantum

598 2721 801 2783 Posse
833 2721 1044 2796 nefaS,
1080 2723 1453 2802 tacitusque
1486 2740 1638 2783 mea
1670 2720 1993 2783 decedere
2024 2720 2244 2783 terra?

601 2824 746 2887 Nec
777 2832 843 2887 te
875 2833 1101 2887 noster
1132 2843 1334 2899 amor,
1370 2844 1494 2886 nec
1527 2834 1595 2887 te
1626 2823 1784 2886 data
1813 2824 2086 2887 dextera
2117 2807 2472 2905 quondam,

602 2928 746 2990 Nec
782 2926 1096 2992 moritura
1128 2936 1311 2991 tenet
1343 2927 1595 2990 crudeli
1628 2927 1865 2990 funere
1902 2926 2123 2990 Dido?

523 3019 780 3112 “²Quin
813 3031 1011 3094 etiarn
1045 3030 1323 3094 hiberno
1357 3031 1604 3094 moliris
1637 3030 1851 3094 sidere
1882 2999 2182 3106 classem,

423 3162 517 3210 310
603 3134 691 3197 Et
722 3134 957 3198 mediis
991 3155 1310 3216 properas
1342 3134 1813 3216 aquilonibus
1797 3154 1891 3197 ire
1924 3154 2043 3216 per
2073 3135 2299 3211 altum,

602 3238 952 3302 Crudelis?
1047 3237 1271 3320 Quid?
1319 3237 1374 3301 si
1405 3259 1539 3301 non
1574 3258 1732 3301 arva
1764 3237 1979 3302 aliena
2009 3238 2376 3319 domosque

607 3342 883 3423 Ignotas
918 3352 1200 3424 peteres,
1234 3352 1303 3405 et
1334 3341 1537 3404 Troia
1569 3342 1840 3424 antiqua
1874 3351 2190 3417 maneret,

603 3446 803 3508 Troia
836 3466 954 3528 per
987 3445 1314 3509 undosum
1351 3455 1691 3527 peteretur
1723 3444 2046 3509 classibus
2078 3446 2370 3527 aequor?

607 3551 810 3613 Mene
844 3548 1069 3630 fugis?
1182 3549 1303 3611 Per
1337 3568 1463 3630 ego
1496 3548 1619 3610 has
1652 3548 1958 3611 lacrimas
1990 3549 2423 3632 dextramque
2454 3558 2637 3613 tuam

781 3664 848 3717 te
869 3691 950 3698 —
2407 3725 2411 3729 .

433 3784 488 3837 3¹
500 3783 526 3837 5
613 3756 902 3840 Quando
936 3756 1114 3819 aliud
1147 3756 1307 3819 mihi
1339 3755 1468 3819 iam
1504 3755 1786 3819 miserae
1819 3755 1984 3818 nihil
2016 3755 2163 3840 ipsa
2194 3757 2534 3840 reliqui-—
