3015 4288
445 276 563 358 158
1148 278 1467 332 VERGm
1522 277 1922 332 AENEIDOS

609 459 720 527 Sic
751 457 1021 525 demum
1053 455 1243 522 lucos
1276 456 1509 544 Stygis
1539 464 1607 521 et
1637 475 1848 539 regna
1876 453 2057 520 invia
2085 453 2255 523 vivis

438 583 530 641 ¹5⁵
609 562 985 649 Aspicies.”
1082 560 1289 639 Dixit,
1321 580 1689 646 pressoque
1721 559 2055 626 obmutuit
2082 579 2217 627 ore.

696 771 973 836 Aeneas
1003 777 1261 834 maesto
1292 767 1550 833 defixus
1582 766 1834 832 lumina
1860 767 2051 832 vultu

614 874 1015 958 Ingreditur,
1050 873 1360 956 linquens
1392 880 1677 948 antrum,
1712 891 2082 956 caecosque
2111 872 2370 938 volutat

614 979 916 1043 Eventus
954 976 1177 1042 animo
1209 995 1457 1040 secum.
1553 975 1681 1041 Cui
1710 976 1883 1040 fidus
1914 976 2219 1041 Achates

612 1083 678 1147 It
706 1101 951 1158 comeS,
986 1089 1055 1145 et
1087 1079 1357 1163 paribus
1390 1079 1567 1144 curis
1598 1079 1874 1163 vestigia
1913 1079 2076 1162 figit.

437 1198 534 1252 160
614 1185 833 1250 Multa
864 1185 1038 1249 inter
1068 1203 1217 1249 sese
1245 1182 1430 1248 vario
1467 1202 1776 1248 sermone
1809 1183 2142 1262 serebant,

612 1289 833 1373 Quem
858 1288 1110 1353 socium
1134 1288 1506 1352 exanimem
1535 1295 1744 1363 vateS,
1764 1287 1945 1370 quod
1968 1307 2217 1373 corpus
2240 1287 2652 1352 humandum

618 1393 909 1459 Diceret.
1001 1392 1234 1475 Atque
1263 1391 1357 1455 illi
1394 1390 1731 1454 Misenum
1764 1390 1832 1454 in
1864 1390 2055 1456 litore
2086 1391 2282 1469 sicco,

613 1497 714 1564 Ut
742 1515 1007 1572 venere,
1039 1494 1271 1559 vident
1301 1493 1581 1577 indigna
1616 1503 1828 1558 morte
1862 1505 2302 1578 peremptum,

616 1600 957 1666 Misenum
990 1598 1341 1675 Aeoliden,
1379 1619 1514 1682 quo
1546 1618 1681 1664 non
1715 1601 2160 1683 praestantior
2188 1599 2356 1665 alter

440 1714 534 1784 ¹⁶⁵
613 1705 798 1769 Aere
828 1703 1002 1768 ciere
1031 1702 1228 1778 virOS,
1268 1703 1691 1786 Martemque
1723 1703 2089 1768 accendere
2119 1712 2338 1767 cantu.

615 1806 932 1873 Hectoris
963 1806 1071 1871 hic
1103 1806 1335 1889 magni
1368 1806 1591 1870 fuerat
1621 1826 1865 1883 comeS,
1902 1807 2204 1871 Hectora
2233 1807 2481 1871 circum

615 1912 707 1978 Et
738 1912 901 1976 lituo
933 1930 1199 1996 pugnas
1228 1911 1512 1995 insignis
1545 1911 1771 1977 obibat
1800 1921 1870 1976 et
1899 1912 2111 1976 hasta.

615 2016 977 2099 Postquam
1010 2015 1197 2079 illum
1226 2015 1365 2080 vita
1395 2016 1610 2081 victor
1643 2014 1951 2098 spoliavit
1981 2014 2306 2092 Achilles,

618 2119 964 2187 Dardanio
997 2119 1277 2185 Aeneae
1307 2138 1456 2185 sese
1488 2119 1893 2185 fortissimus
1924 2119 2123 2184 heros

442 2253 536 2304 170
615 2224 995 2290 Addiderat
1024 2223 1297 2300 socium,
1332 2244 1468 2289 non
1500 2223 1817 2289 inferiora
1848 2234 2137 2307 secutuS.

617 2329 753 2396 Sed
782 2337 946 2406 tum,
980 2328 1156 2393 forte
1186 2348 1353 2393 cava
1386 2329 1546 2393 dum
1581 2338 1899 2412 personat
1929 2349 2219 2413 aequora
2249 2328 2525 2406 concha,

619 2434 918 2499 Demens
942 2441 1012 2498 et
1040 2441 1243 2497 cantu
1273 2440 1471 2497 vocat
1500 2434 1571 2496 in
1606 2432 1971 2498 certamina
2002 2433 2211 2510 divos,

615 2536 945 2602 Aemulus
976 2546 1332 2620 exceptum
1365 2535 1623 2614 Triton,
1658 2538 1714 2601 si
1745 2536 2017 2601 credere
2049 2537 2327 2620 dignum
2359 2545 2479 2613 est,

618 2643 806 2707 Inter
835 2661 996 2705 saxa
1024 2641 1240 2705 virum
1277 2662 1599 2726 spumosa
1629 2641 2044 2707 immerserat
2074 2641 2274 2706 unda.

447 2768 537 2823 175
708 2745 892 2828 Ergo
922 2765 1154 2810 omnes
1190 2765 1437 2828 magno
1470 2746 1718 2811 circum
1753 2747 2042 2811 clamore
2073 2744 2471 2821 fremebant,

618 2848 984 2932 Praecipue
1015 2849 1166 2933 pius
1198 2849 1491 2915 Aeneas.
1585 2851 1760 2915 Tum
1793 2850 1972 2915 iussa
2004 2850 2318 2936 Sibyllae,

620 2954 826 3019 Haud
861 2974 1065 3031 mora,
1100 2955 1428 3021 festinant
1462 2955 1721 3034 flenteS‚
1753 2976 2072 3041 aramque
2103 2955 2395 3038 sepulcri

620 3059 1002 3141 Congerere
1033 3058 1382 3125 arboribus
1415 3061 1737 3145 caeloque
1769 3060 2052 3126 educere
2084 3068 2360 3124 certant.

621 3163 766 3227 Itur
795 3161 861 3226 in
896 3162 1241 3248 antiquam
1275 3165 1531 3243 silvam,
1566 3166 1827 3231 stabula
1862 3166 1996 3231 alta
2025 3166 2340 3240 ferarum,

445 3278 539 3330 180
618 3265 1070 3333 Procumbunt
1105 3270 1354 3352 piceae,
1392 3280 1588 3335 sonat
1618 3270 1750 3335 icta
1782 3269 2124 3335 securibus
2154 3267 2302 3344 ilex,

622 3370 1124 3456 Fraxineaeque
1155 3373 1382 3438 trabes
1414 3376 1646 3439 cuneis
1677 3384 1744 3439 et
1776 3373 1978 3438 fissile
2010 3371 2210 3437 robur

621 3473 978 3553 Scinditur,
1013 3476 1380 3542 advolvunt
1410 3476 1723 3560 ingentes
1754 3476 2091 3543 montibus
2121 3494 2338 3540 ornos,

622 3579 769 3643 Nec
800 3599 935 3643 non
969 3579 1245 3644 Aeneas
1277 3601 1484 3664 opera
1515 3583 1691 3646 inter
1720 3582 1878 3646 talia
1910 3581 2162 3664 primus

625 3683 957 3748 Hortatur
987 3683 1221 3760 sociOS,
1257 3685 1664 3768 paribusque
1697 3686 2066 3766 accingitur
2097 3683 2314 3746 armis

448 3794 537 3852 185
700 3788 931 3872 Atque
962 3788 1131 3852 haec
1162 3788 1309 3872 ipse
1341 3809 1463 3852 suo
1496 3789 1669 3854 tristi
1701 3808 1851 3852 cum
1885 3787 2084 3851 corde
2116 3786 2387 3861 volutat,
