3015 4288
1174 283 1406 340 LIBER
1454 285 1798 342 TERTIUS
2496 291 2587 361 99

551 458 674 528 Ille
704 463 890 541 haec,
922 461 1229 548 deposita
1256 463 1530 529 tandem
1560 464 1933 542 formidine,
1967 464 2186 530 fatur:

636 570 675 600 “
695 566 861 631 Sum
892 567 1109 652 patria
1138 587 1221 632 ex
1253 569 1506 645 Ithaca,
1542 589 1768 633 comes
1797 567 2086 633 infelicis
2119 566 2322 645 Ulixi,

547 669 838 736 Nomine
869 671 1432 749 AchaemenideS,
1466 672 1738 737 Troiam
1769 671 2074 755 genitore
2104 672 2520 759 Adamasto,-

363 785 464 854 615
548 774 850 858 Paupere
864 809 955 823 —
973 774 1462 860 mansissetque
1492 776 1748 840 utinam
1780 776 2053 840 fortuna
2073 776 2198 840 1—
2217 777 2580 860 profectus

547 877 681 943 Hic
711 897 838 957 me,
871 876 1030 944 dum
1063 879 1308 963 trepidi
1337 879 1634 945 crudelia
1665 878 1895 944 limina
1924 879 2252 964 linquunt,

544 981 982 1049 Immemores
1011 982 1176 1048 socii
1203 993 1394 1048 vasto
1428 983 1746 1070 Cyclopis
1776 983 1845 1049 in
1877 993 2070 1049 antro

543 1085 942 1152 Deseruere.
1035 1087 1299 1152 Domus
1330 1088 1518 1152 sanie
1549 1088 1967 1172 dapibusque
1997 1088 2310 1165 cruentiS,
2339 1110 2344 1116 ·
2468 1103 2474 1108 “

544 1185 740 1252 Intus
770 1206 1001 1271 opaca,
1034 1186 1295 1270 ingens.
1393 1188 1554 1271 Ipse
1585 1190 1855 1265 arduuS,
1887 1188 2157 1272 altaque
2189 1188 2414 1271 pulsat

543 1288 780 1354 Sidera
800 1326 885 1339 —
903 1291 1014 1368 Di,
1045 1291 1250 1357 talem
1281 1291 1475 1356 terris
1506 1293 1787 1356 avertite
1819 1300 2080 1376 pestem
2102 1292 2230 1356 1-

545 1384 692 1458 Nec
720 1392 871 1459 visu
901 1393 1119 1460 facilis
1149 1415 1275 1460 nec
1307 1395 1489 1460 dictu
1523 1395 1836 1459 adfabilis
1866 1395 2001 1460 ulli.

538 1496 926 1563 Visceribus
955 1498 1348 1564 miserorum
1380 1508 1449 1564 et
1479 1499 1809 1582 sanguine
1839 1499 2129 1564 vescitur
2160 1509 2324 1565 atro.

538 1600 697 1666 Vidi
724 1612 1011 1685 egomet,
1046 1603 1179 1667 duo
1210 1602 1297 1668 de
1326 1623 1606 1667 numero
1639 1623 1791 1668 cum
1824 1623 2107 1686 corpora
2136 1613 2367 1669 nostro

542 1704 795 1771 Prensa
824 1726 1027 1771 manu
1058 1727 1306 1789 magna
1336 1707 1559 1771 medio
1591 1706 1948 1789 resupinus
1977 1708 2047 1770 in
2079 1717 2271 1771 antro

542 1808 916 1893 Frangeret
944 1809 1031 1874 ad
1061 1830 1314 1888 saxum,
1350 1812 1671 1895 sanieque
1702 1830 2024 1893 exspersa
2052 1819 2364 1876 natarent

541 1911 847 1990 Limina;
891 1912 1028 1978 vidi
1058 1923 1202 1979 atro
1234 1933 1388 1979 curn
1421 1913 1724 1978 membra
1755 1914 2033 1978 fluentia
2060 1914 2221 1979 tabo

540 2015 917 2096 Manderet,
950 2026 1019 2083 et
1046 2017 1260 2103 tepidi
1288 2027 1657 2084 tremerent
1689 2018 1815 2082 sub
1847 2018 2159 2083 dentibus
2191 2027 2394 2082 artus.

540 2119 748 2187 Haud
778 2120 1052 2206 impune
1083 2122 1392 2205 quidem;
1438 2142 1566 2187 nec
1596 2121 1757 2188 talia
1787 2142 2029 2207 passus
2062 2122 2316 2200 Ulixes,

538 2224 891 2291 Oblitusve
921 2226 1026 2291 sui
1055 2237 1160 2291 est
1192 2227 1469 2292 Ithacus
1500 2226 1881 2291 discrimine
1910 2234 2117 2291 tanto.

540 2329 720 2393 Nam
751 2329 948 2395 simul
977 2331 1284 2415 expletus
1314 2329 1603 2415 dapibus
1633 2331 1924 2415 vinoque
1956 2330 2258 2414 sepultus

539 2432 882 2500 Cervicem
912 2433 1223 2501 inflexam
1256 2434 1498 2519 posuit,
1532 2434 1874 2518 iacuitque
1899 2454 2020 2517 per
2049 2443 2316 2498 antrum

539 2536 939 2630 Immensus,
972 2538 1229 2604 saniem
1262 2547 1577 2603 eructans
1609 2549 1679 2603 et
1708 2539 1926 2603 frusta
1956 2546 2233 2602 cruento

483 2723 489 2728 -
541 2641 667 2706 Per
696 2661 1004 2706 somnum
1036 2641 1394 2707 commixta
1425 2662 1631 2719 mero,
1666 2661 1810 2718 nos,
1842 2661 2093 2724 magna
2123 2640 2379 2723 precati

541 2744 839 2810 Numina
868 2744 1217 2828 sortitique
1247 2745 1448 2823 viceS‚
1484 2766 1620 2810 una
1650 2745 1944 2829 undique
1975 2744 2224 2809 circum

540 2848 928 2929 Fundimur,
962 2859 1030 2914 et
1059 2849 1195 2915 telo
1225 2848 1452 2915 lumen
1482 2849 1901 2915 terebramus
1931 2856 2148 2926 acuto,

539 2951 810 3036 Ingens,
844 2954 1023 3038 quod
1052 2962 1244 3018 torva
1275 2952 1493 3018 solum
1526 2952 1652 3018 sub
1682 2954 1905 3018 fronte
1936 2952 2213 3044 latebat,

539 3056 841 3139 Argolici
869 3057 1069 3142 clipei
1098 3066 1217 3123 aut
1250 3057 1605 3122 Phoebeae
1639 3055 1966 3140 lampadis
1996 3055 2228 3134 instar,

541 3159 631 3225 Et
657 3159 932 3227 tandem
965 3161 1125 3226 laeti
1155 3163 1484 3227 sociorum
1516 3160 1897 3226 ulciscimur
1925 3159 2216 3225 umbras,

627 3269 667 3298 ‘⁴
686 3265 823 3331 Sed
852 3265 1089 3349 fugite,
1123 3286 1165 3330 o
1195 3266 1438 3344 miseri,
1469 3266 1709 3349 fugite,
1743 3273 1945 3348 atque
1975 3263 2062 3328 ab
2093 3263 2286 3329 litore
2315 3264 2550 3329 funem

543 3368 879 3452 Rumpite.
910 3378 921 3388 ”

543 3471 720 3536 Nam
751 3473 967 3557 qualis
999 3484 1422 3558 quantusque
1452 3492 1619 3539 cavo
1654 3472 2107 3560 Polyphemus
2137 3471 2207 3536 in
2238 3481 2433 3537 antro

545 3575 913 3660 Lanigeras
942 3578 1192 3643 claudit
1223 3579 1519 3660 pecudes
1550 3586 1752 3660 atque
1783 3577 1990 3641 ubera
2021 3585 2302 3660 pressat,

543 3681 825 3745 Centum
860 3682 972 3745 alii
1003 3702 1207 3746 curva
1238 3682 1403 3745 haec
1439 3680 1743 3745 habitant
1775 3682 1859 3745 ad
1892 3681 2086 3745 litora
2114 3682 2319 3763 vulgo

544 3783 820 3853 Infandi
851 3785 1184 3870 Cyclopes
1215 3793 1284 3848 et
1316 3784 1467 3847 altis
1498 3783 1839 3848 montibus
1869 3793 2113 3848 errant.
