3015 4288
972 777 1055 857 Ρ.
1125 778 1596 855 VERGILI
1677 768 2219 855 MARONIS·

1178 990 1991 1089 AENEIDOS

1110 1273 1406 1339 LIBER
1468 1273 2058 1341 UNDECIMUS

737 1442 1089 1510 Oceanum
1120 1440 1376 1507 interea
1408 1462 1695 1524 surgens
1726 1442 1994 1506 Aurora
2025 1443 2327 1527 reliquit;

653 1547 947 1623 Aeneas,
980 1563 1385 1639 quamquam
1416 1554 1485 1609 et
1517 1547 1714 1609 sociis
1746 1546 1907 1610 dare
1940 1556 2207 1629 tempus
2239 1546 2599 1612 humandis

655 1640 1102 1733 Praecipitant
1130 1665 1350 1725 curae,
1384 1648 1784 1732 turbataque
1817 1649 2054 1715 funere
2086 1669 2273 1713 mens
2306 1666 2426 1726 est,

651 1754 831 1819 Vota
862 1753 1060 1817 deum
1093 1742 1308 1841 primo
1338 1751 1559 1853 victor—
1576 1752 1883 1843 solxebat
1918 1754 2078 1817 Eoo.
2246 1824 2255 1841 ,
2282 1832 2287 1841 .

508 1879 542 1944 5
658 1856 1016 1939 Ingentem
1048 1856 1366 1939 quercum
1398 1846 1640 1920 decisis
1671 1856 1965 1940 undique
1995 1858 2199 1922 ramis

653 1959 1018 2027 Constituit
1047 1960 1321 2037 tumulo,
1358 1959 1824 2044 fulgentiaque
1857 1961 2071 2026 induit
2101 1982 2305 2039 arma,

657 2065 951 2130 Mezenti
980 2065 1168 2174 ducite,
1199 2065 1663 2172 exuviffiibi,
1662 2086 1971 2193 fflassffigt
1978 2074 2148 2168 »931³
2196 2085 2369 2143 eum,
2618 2114 2667 2175 U

656 2170 1107 2261 Bellipotens:
1155 2133 1364 2254 a‘ptdtO
1376 2181 1679 2236 rorantes
1712 2170 2040 2253 sanguine
2072 2138 2705 2255 cnstafffflsss
2720 2194 2757 2259 ιι

651 2275 951 2359 Telaque
981 2255 1218 2340 tristi&
1249 2277 1372 2340 viri
1403 2286 1472 2341 et
1503 2276 1607 2340 bis
1640 2296 1757 2340 sex
1787 2276 2063 2340 thoraca
2095 2275 2376 2358 petitum

481 2405 543 2442 ιο
659 2379 1175 2466 Perfossumque
1209 2380 1389 2457 locis,
1424 2380 1848 2464 clipeumque
1879 2400 1960 2443 ex
1990 2399 2143 2444 aere
2175 2380 2482 2443 sinistrae

525 2487 557 2551 'x‘
629 2455 981 2565 ”S'ubligah
1017 2493 1217 2567 atque
1250 2504 1480 2549 ensem
1516 2484 1686 2548 collo
1722 2484 2070 2566 suspendit
2100 2473 2445 2548 eburnum.

652 2587 827 2650 Tum
860 2587 1093 2664 sociOS,
1127 2608 1418 2671 namque
1449 2587 1665 2651 omnis
1697 2608 1850 2652 eum
1883 2586 2128 2670 stipata
2156 2586 2430 2668 tegebat

653 2676 882 2754 Turba
911 2690 1178 2767 ducum,
1213 2692 1308 2755 sic
1341 2691 1671 2774 incipiens
1702 2691 2006 2754 hortatur
2037 2698 2352 2756 ovantes:

742 2799 780 2827 ‘⁸
803 2794 1099 2858 Maxima
1129 2814 1238 2859 res
1269 2794 1535 2871 effecta,
1568 2794 1728 2872 viri3
1775 2794 1975 2858 timor
2004 2792 2220 2857 omnis
2252 2793 2503 2869 abesto,

482 2918 540 2975 ις
654 2897 855 2981 Quod
888 2908 1232 2981 superest:
1280 2899 1446 2964 haec
1482 2907 1639 2963 sunt
1670 2898 1885 2981 spolia
1915 2907 1982 2962 et
2013 2899 2098 2962 de
2132 2917 2290 2978 rege
2322 2897 2617 2978 superbo

579 2989 584 2992 ’
655 3001 1009 3078 Primitiae,
1044 3002 1485 3086 manibusque
1518 3002 1685 3067 meis
1723 3001 2095 3066 Mezentius
2126 3001 2233 3065 hic
2266 3009 2384 3064 est.

656 3105 856 3169 Nunc
887 3104 1012 3170 iter
1043 3105 1128 3169 ad
1161 3125 1391 3188 regem
1425 3105 1618 3170 nobis
1652 3125 2009 3188 murosque
2044 3104 2340 3168 Latinos.

654 3208 869 3272 Arma
901 3217 1133 3292 parate
1166 3209 1421 3286 animis,
1457 3218 1526 3273 et
1558 3229 1679 3292 spe
1712 3208 2116 3293 praesumite
2146 3207 2414 3283 bellum,

521 3295 526 3302 ’
583 3301 586 3304 ’
616 3300 620 3303 ’
656 3312 763 3376 Ne
795 3331 927 3395 qua
960 3332 1144 3376 mora
1174 3312 1463 3394 ignaros,
1498 3312 1611 3376 ubi
1645 3314 1929 3395 primum
1961 3312 2206 3376 vellere
2239 3310 2460 3393 signa

381 3487 386 3492 ,
479 3442 541 3480 20
658 3416 1039 3480 Adnuerint
1070 3417 1306 3514 superi,
1328 3416 1707 3514 pubemque
1716 3417 2022 3522 fdgcere
2044 3415 2310 3510 gastris,

654 3519 1006 3600 Impediat,
1042 3520 1351 3601 segnisve
1383 3530 1567 3584 metu
1599 3507 1930 3584 sententia
1959 3503 2197 3583 tardet’.
2282 3509 2301 3544 ³
2374 3525 2433 3546 '⁹'

654 3623 922 3688 Interea
953 3643 1027 3687 so
1070 3622 1166 3687 ios
1198 3623 1677 3706 inhumataque
1707 3643 1988 3706 corpora
2019 3633 2237 3687 terrae

654 3643 1086 3802 Maffljeffilss
1108 3726 1222 3810 qui
1254 3727 1435 3791 solus
1468 3728 1680 3791 honos
1712 3728 2103 3792 Acheronte
2135 3727 2257 3791 sub
2289 3728 2424 3791 imo
2455 3737 2577 3792 est.

1527 3837 1625 3894 284
