<?xml version="1.0" encoding="UTF-8"?>
<!DOCTYPE html PUBLIC "-//W3C//DTD XHTML 1.0 Transitional//EN"
    "http://www.w3.org/TR/xhtml1/DTD/xhtml1-transitional.dtd">
<html xmlns="http://www.w3.org/1999/xhtml" xml:lang="en" lang="en">
 <head>
  <title>
</title>
<meta http-equiv="Content-Type" content="text/html;charset=utf-8" />
  <meta name='ocr-system' content='tesseract 3.04.00' />
  <meta name='ocr-capabilities' content='ocr_page ocr_carea ocr_par ocr_line ocrx_word'/>
</head>
<body>
  <div class='ocr_page' id='page_1' title='image "./virgilsaeneidbo01denngoog_0056.png"; bbox 0 0 3015 4288; ppageno 0'>
   <div class='ocr_carea' id='block_1_1' title="bbox 436 277 520 382">
    <p class='ocr_par' dir='ltr' id='par_1_1' title="bbox 436 277 520 382">
     <span class='ocr_line' id='line_1_1' title="bbox 436 277 520 382; baseline 0 0"><span class='ocrx_word' id='word_1_1' title='bbox 436 277 520 382; x_wconf 77' lang='lat'><strong>⁵9</strong></span> 
     </span>
    </p>
   </div>
   <div class='ocr_carea' id='block_1_2' title="bbox 427 888 526 956">
    <p class='ocr_par' dir='ltr' id='par_1_2' title="bbox 427 888 526 956">
     <span class='ocr_line' id='line_1_2' title="bbox 427 888 526 956; baseline -0.02 -17"><span class='ocrx_word' id='word_1_2' title='bbox 427 888 526 956; x_wconf 81' lang='lat'><strong>615</strong></span> 
     </span>
    </p>
   </div>
   <div class='ocr_carea' id='block_1_3' title="bbox 424 1410 523 1460">
    <p class='ocr_par' dir='ltr' id='par_1_3' title="bbox 424 1410 523 1460">
     <span class='ocr_line' id='line_1_3' title="bbox 424 1410 523 1460; baseline 0 0"><span class='ocrx_word' id='word_1_3' title='bbox 424 1410 523 1460; x_wconf 82' lang='lat'><strong>620</strong></span> 
     </span>
    </p>
   </div>
   <div class='ocr_carea' id='block_1_4' title="bbox 424 1930 520 1998">
    <p class='ocr_par' dir='ltr' id='par_1_4' title="bbox 424 1930 520 1998">
     <span class='ocr_line' id='line_1_4' title="bbox 424 1930 520 1998; baseline -0.01 -17"><span class='ocrx_word' id='word_1_4' title='bbox 424 1930 520 1998; x_wconf 77' lang='lat'><strong>625</strong></span> 
     </span>
    </p>
   </div>
   <div class='ocr_carea' id='block_1_5' title="bbox 422 2450 522 2517">
    <p class='ocr_par' dir='ltr' id='par_1_5' title="bbox 422 2450 522 2517">
     <span class='ocr_line' id='line_1_5' title="bbox 422 2450 522 2517; baseline -0.01 -15"><span class='ocrx_word' id='word_1_5' title='bbox 422 2450 522 2517; x_wconf 88' lang='lat'><strong>630</strong></span> 
     </span>
    </p>
   </div>
   <div class='ocr_carea' id='block_1_6' title="bbox 1120 270 1934 367">
    <p class='ocr_par' dir='ltr' id='par_1_6' title="bbox 1120 270 1934 367">
     <span class='ocr_line' id='line_1_6' title="bbox 1120 270 1934 367; baseline 0.001 -35"><span class='ocrx_word' id='word_1_6' title='bbox 1120 271 1473 367; x_wconf 36' lang='lat' dir='ltr'><strong>‘mmmm</strong></span> <span class='ocrx_word' id='word_1_7' title='bbox 1528 270 1934 333; x_wconf 69' lang='lat' dir='ltr'><strong>AENEmos</strong></span> 
     </span>
    </p>
   </div>
   <div class='ocr_carea' id='block_1_7' title="bbox 594 445 2514 3876">
    <p class='ocr_par' dir='ltr' id='par_1_7' title="bbox 608 445 2508 648">
     <span class='ocr_line' id='line_1_7' title="bbox 608 445 2099 543; baseline 0 -20"><span class='ocrx_word' id='word_1_8' title='bbox 608 445 865 524; x_wconf 63' lang='lat' dir='ltr'><strong>&#39;flionoa</strong></span> <span class='ocrx_word' id='word_1_9' title='bbox 897 458 1064 542; x_wconf 89' lang='lat' dir='ltr'><strong>petit</strong></span> <span class='ocrx_word' id='word_1_10' title='bbox 1093 459 1343 536; x_wconf 74' lang='lat' dir='ltr'><strong>dextra,</strong></span> <span class='ocrx_word' id='word_1_11' title='bbox 1381 459 1702 543; x_wconf 71' lang='lat' dir='ltr'><strong>laevaque</strong></span> <span class='ocrx_word' id='word_1_12' title='bbox 1737 459 2099 537; x_wconf 84' lang='lat' dir='ltr'><strong>Serestum,</strong></span> 
     </span>
     <span class='ocr_line' id='line_1_8' title="bbox 610 562 2508 648; baseline 0.001 -22"><span class='ocrx_word' id='word_1_13' title='bbox 610 564 766 627; x_wconf 90' lang='lat' dir='ltr'>Post</span> <span class='ocrx_word' id='word_1_14' title='bbox 797 563 980 639; x_wconf 81' lang='lat' dir='ltr'><strong>alioS‚</strong></span> <span class='ocrx_word' id='word_1_15' title='bbox 1015 563 1393 647; x_wconf 81' lang='lat' dir='ltr'><strong>sortemque</strong></span> <span class='ocrx_word' id='word_1_16' title='bbox 1425 563 1642 648; x_wconf 83' lang='lat' dir='ltr'>Gyan,</span> <span class='ocrx_word' id='word_1_17' title='bbox 1679 562 2053 647; x_wconf 81' lang='lat' dir='ltr'><strong>fortemque</strong></span> <span class='ocrx_word' id='word_1_18' title='bbox 2088 566 2508 630; x_wconf 85' lang='lat' dir='ltr'><strong>Cloanthum.</strong></span> 
     </span>
    </p>

    <p class='ocr_par' dir='ltr' id='par_1_8' title="bbox 693 666 2136 751">
     <span class='ocr_line' id='line_1_9' title="bbox 693 666 2136 751; baseline -0.001 -19"><span class='ocrx_word' id='word_1_19' title='bbox 693 667 1040 749; x_wconf 89' lang='lat' dir='ltr'>Obstipuit</span> <span class='ocrx_word' id='word_1_20' title='bbox 1072 675 1286 750; x_wconf 89' lang='lat' dir='ltr'><strong>primo</strong></span> <span class='ocrx_word' id='word_1_21' title='bbox 1316 674 1594 751; x_wconf 76' lang='lat' dir='ltr'><strong>aspecto</strong></span> <span class='ocrx_word' id='word_1_22' title='bbox 1632 666 1905 731; x_wconf 88' lang='lat' dir='ltr'><strong>Sidonia</strong></span> <span class='ocrx_word' id='word_1_23' title='bbox 1940 669 2136 747; x_wconf 89' lang='lat' dir='ltr'><strong>Dido,</strong></span> 
     </span>
    </p>

    <p class='ocr_par' dir='ltr' id='par_1_9' title="bbox 608 769 2262 847">
     <span class='ocr_line' id='line_1_10' title="bbox 608 769 2262 847; baseline 0.002 -11"><span class='ocrx_word' id='word_1_24' title='bbox 608 771 787 837; x_wconf 70' lang='lat' dir='ltr'><strong>Casii</strong></span> <span class='ocrx_word' id='word_1_25' title='bbox 819 769 1061 835; x_wconf 90' lang='lat' dir='ltr'><strong>deinde</strong></span> <span class='ocrx_word' id='word_1_26' title='bbox 1090 771 1214 834; x_wconf 87' lang='lat' dir='ltr'><strong>viri</strong></span> <span class='ocrx_word' id='word_1_27' title='bbox 1244 778 1450 847; x_wconf 89' lang='lat' dir='ltr'><strong>tanto,</strong></span> <span class='ocrx_word' id='word_1_28' title='bbox 1486 781 1555 834; x_wconf 91' lang='lat' dir='ltr'><strong>et</strong></span> <span class='ocrx_word' id='word_1_29' title='bbox 1586 780 1680 834; x_wconf 91' lang='lat' dir='ltr'><strong>sic</strong></span> <span class='ocrx_word' id='word_1_30' title='bbox 1715 779 1831 835; x_wconf 90' lang='lat' dir='ltr'><strong>ore</strong></span> <span class='ocrx_word' id='word_1_31' title='bbox 1862 770 2085 836; x_wconf 79' lang='lat' dir='ltr'><strong>locfita</strong></span> <span class='ocrx_word' id='word_1_32' title='bbox 2116 785 2262 839; x_wconf 84' lang='lat' dir='ltr'><strong>est:</strong></span> 
     </span>
    </p>

    <p class='ocr_par' dir='ltr' id='par_1_10' title="bbox 599 873 2477 1901">
     <span class='ocr_line' id='line_1_11' title="bbox 698 873 2333 959; baseline 0.003 -22"><span class='ocrx_word' id='word_1_33' title='bbox 698 880 735 909; x_wconf 87' lang='lat'>“</span> <span class='ocrx_word' id='word_1_34' title='bbox 756 873 926 957; x_wconf 80' lang='lat' dir='ltr'><strong>Quis</strong></span> <span class='ocrx_word' id='word_1_35' title='bbox 958 881 1042 952; x_wconf 76' lang='lat' dir='ltr'><strong>to,</strong></span> <span class='ocrx_word' id='word_1_36' title='bbox 1075 882 1230 939; x_wconf 70' lang='lat' dir='ltr'><strong>note</strong></span> <span class='ocrx_word' id='word_1_37' title='bbox 1262 875 1409 952; x_wconf 70' lang='lat' dir='ltr'><strong>dea,</strong></span> <span class='ocrx_word' id='word_1_38' title='bbox 1442 895 1564 959; x_wconf 93' lang='lat' dir='ltr'><strong>per</strong></span> <span class='ocrx_word' id='word_1_39' title='bbox 1594 884 1783 939; x_wconf 91' lang='lat' dir='ltr'><strong>tanta</strong></span> <span class='ocrx_word' id='word_1_40' title='bbox 1813 877 2107 959; x_wconf 91' lang='lat' dir='ltr'><strong>pericula</strong></span> <span class='ocrx_word' id='word_1_41' title='bbox 2139 886 2333 942; x_wconf 69' lang='lat' dir='ltr'><strong>casus</strong></span> 
     </span>
     <span class='ocr_line' id='line_1_12' title="bbox 601 966 2359 1067; baseline 0.001 -21"><span class='ocrx_word' id='word_1_42' title='bbox 601 966 1036 1067; x_wconf 72' lang='lat' dir='ltr'><strong>Tnsequitur?</strong></span> <span class='ocrx_word' id='word_1_43' title='bbox 1082 1002 1255 1066; x_wconf 91' lang='lat' dir='ltr'><strong>quae</strong></span> <span class='ocrx_word' id='word_1_44' title='bbox 1284 991 1387 1046; x_wconf 89' lang='lat' dir='ltr'><strong>vis</strong></span> <span class='ocrx_word' id='word_1_45' title='bbox 1420 980 1823 1046; x_wconf 70' lang='lat' dir='ltr'><strong>immanibus</strong></span> <span class='ocrx_word' id='word_1_46' title='bbox 1854 983 2150 1066; x_wconf 91' lang='lat' dir='ltr'><strong>applicat</strong></span> <span class='ocrx_word' id='word_1_47' title='bbox 2179 985 2359 1048; x_wconf 88' lang='lat' dir='ltr'><strong>oris?</strong></span> 
     </span>
     <span class='ocr_line' id='line_1_13' title="bbox 602 1085 2259 1170; baseline 0.002 -22"><span class='ocrx_word' id='word_1_48' title='bbox 602 1087 799 1151; x_wconf 77' lang='lat' dir='ltr'><strong>Tone</strong></span> <span class='ocrx_word' id='word_1_49' title='bbox 828 1085 940 1150; x_wconf 90' lang='lat' dir='ltr'><strong>ille</strong></span> <span class='ocrx_word' id='word_1_50' title='bbox 971 1085 1264 1163; x_wconf 72' lang='lat' dir='ltr'><strong>Aenoas‚</strong></span> <span class='ocrx_word' id='word_1_51' title='bbox 1300 1105 1498 1170; x_wconf 87' lang='lat' dir='ltr'><strong>quem</strong></span> <span class='ocrx_word' id='word_1_52' title='bbox 1537 1085 1883 1150; x_wconf 91' lang='lat' dir='ltr'><strong>Dardanio</strong></span> <span class='ocrx_word' id='word_1_53' title='bbox 1913 1088 2259 1152; x_wconf 83' lang='lat' dir='ltr'><strong>Anchisae</strong></span> 
     </span>
     <span class='ocr_line' id='line_1_14' title="bbox 602 1187 2477 1276; baseline 0.003 -25"><span class='ocrx_word' id='word_1_54' title='bbox 602 1187 807 1254; x_wconf 91' lang='lat' dir='ltr'><strong>Alma</strong></span> <span class='ocrx_word' id='word_1_55' title='bbox 836 1190 1072 1255; x_wconf 90' lang='lat' dir='ltr'><strong>Venus</strong></span> <span class='ocrx_word' id='word_1_56' title='bbox 1107 1189 1378 1276; x_wconf 90' lang='lat' dir='ltr'><strong>Phrygii</strong></span> <span class='ocrx_word' id='word_1_57' title='bbox 1407 1190 1645 1271; x_wconf 89' lang='lat' dir='ltr'><strong>genuit</strong></span> <span class='ocrx_word' id='word_1_58' title='bbox 1676 1189 2037 1254; x_wconf 85' lang='lat' dir='ltr'><strong>Simoentis</strong></span> <span class='ocrx_word' id='word_1_59' title='bbox 2066 1192 2152 1255; x_wconf 93' lang='lat' dir='ltr'><strong>ad</strong></span> <span class='ocrx_word' id='word_1_60' title='bbox 2184 1194 2477 1256; x_wconf 85' lang='lat' dir='ltr'><strong>undam?</strong></span> 
     </span>
     <span class='ocr_line' id='line_1_15' title="bbox 601 1292 2399 1377; baseline 0.001 -20"><span class='ocrx_word' id='word_1_61' title='bbox 601 1293 834 1376; x_wconf 89' lang='lat' dir='ltr'><strong>Atque</strong></span> <span class='ocrx_word' id='word_1_62' title='bbox 862 1294 1173 1377; x_wconf 90' lang='lat' dir='ltr'><strong>equidem</strong></span> <span class='ocrx_word' id='word_1_63' title='bbox 1204 1293 1540 1358; x_wconf 88' lang='lat' dir='ltr'><strong>Teucrum</strong></span> <span class='ocrx_word' id='word_1_64' title='bbox 1571 1292 1845 1356; x_wconf 90' lang='lat' dir='ltr'><strong>memini</strong></span> <span class='ocrx_word' id='word_1_65' title='bbox 1875 1294 2126 1358; x_wconf 86' lang='lat' dir='ltr'><strong>Sidona</strong></span> <span class='ocrx_word' id='word_1_66' title='bbox 2156 1307 2399 1370; x_wconf 88' lang='lat' dir='ltr'><strong>venire,</strong></span> 
     </span>
     <span class='ocr_line' id='line_1_16' title="bbox 605 1395 2376 1481; baseline 0 -20"><span class='ocrx_word' id='word_1_67' title='bbox 605 1396 883 1461; x_wconf 79' lang='lat' dir='ltr'><strong>Finibus</strong></span> <span class='ocrx_word' id='word_1_68' title='bbox 913 1397 1264 1480; x_wconf 86' lang='lat' dir='ltr'><strong>expulsum</strong></span> <span class='ocrx_word' id='word_1_69' title='bbox 1299 1395 1551 1480; x_wconf 89' lang='lat' dir='ltr'><strong>patriis,</strong></span> <span class='ocrx_word' id='word_1_70' title='bbox 1589 1416 1765 1461; x_wconf 90' lang='lat' dir='ltr'><strong>nova</strong></span> <span class='ocrx_word' id='word_1_71' title='bbox 1794 1405 2005 1480; x_wconf 76' lang='lat' dir='ltr'><strong>rogna</strong></span> <span class='ocrx_word' id='word_1_72' title='bbox 2036 1407 2376 1481; x_wconf 90' lang='lat' dir='ltr'><strong>petentem</strong></span> 
     </span>
     <span class='ocr_line' id='line_1_17' title="bbox 599 1500 2128 1587; baseline 0 -22"><span class='ocrx_word' id='word_1_73' title='bbox 599 1500 872 1566; x_wconf 86' lang='lat' dir='ltr'><strong>Auxilio</strong></span> <span class='ocrx_word' id='word_1_74' title='bbox 905 1502 1085 1580; x_wconf 75' lang='lat' dir='ltr'><strong>Boli3</strong></span> <span class='ocrx_word' id='word_1_75' title='bbox 1131 1500 1395 1584; x_wconf 90' lang='lat' dir='ltr'><strong>genitor</strong></span> <span class='ocrx_word' id='word_1_76' title='bbox 1424 1508 1567 1562; x_wconf 92' lang='lat' dir='ltr'><strong>tum</strong></span> <span class='ocrx_word' id='word_1_77' title='bbox 1602 1500 1804 1587; x_wconf 75' lang='lat' dir='ltr'><strong>Bolus</strong></span> <span class='ocrx_word' id='word_1_78' title='bbox 1836 1511 2128 1585; x_wconf 83' lang='lat' dir='ltr'><strong>opimam</strong></span> 
     </span>
     <span class='ocr_line' id='line_1_18' title="bbox 600 1607 2233 1693; baseline 0.001 -21"><span class='ocrx_word' id='word_1_79' title='bbox 600 1607 927 1672; x_wconf 70' lang='lat' dir='ltr'><strong>Vastabat</strong></span> <span class='ocrx_word' id='word_1_80' title='bbox 960 1608 1277 1693; x_wconf 78' lang='lat' dir='ltr'><strong>Cyprum,</strong></span> <span class='ocrx_word' id='word_1_81' title='bbox 1311 1619 1380 1674; x_wconf 90' lang='lat' dir='ltr'><strong>et</strong></span> <span class='ocrx_word' id='word_1_82' title='bbox 1408 1609 1623 1674; x_wconf 90' lang='lat' dir='ltr'><strong>victor</strong></span> <span class='ocrx_word' id='word_1_83' title='bbox 1652 1607 1912 1673; x_wconf 90' lang='lat' dir='ltr'><strong>dicione</strong></span> <span class='ocrx_word' id='word_1_84' title='bbox 1942 1608 2233 1674; x_wconf 75' lang='lat' dir='ltr'><strong>tenobat.</strong></span> 
     </span>
     <span class='ocr_line' id='line_1_19' title="bbox 600 1711 2332 1796; baseline 0.001 -22"><span class='ocrx_word' id='word_1_85' title='bbox 600 1711 935 1794; x_wconf 89' lang='lat' dir='ltr'><strong>Tempore</strong></span> <span class='ocrx_word' id='word_1_86' title='bbox 964 1713 1098 1776; x_wconf 90' lang='lat' dir='ltr'><strong>iarn</strong></span> <span class='ocrx_word' id='word_1_87' title='bbox 1130 1732 1211 1776; x_wconf 87' lang='lat' dir='ltr'><strong>ex</strong></span> <span class='ocrx_word' id='word_1_88' title='bbox 1243 1712 1355 1777; x_wconf 92' lang='lat' dir='ltr'><strong>illo</strong></span> <span class='ocrx_word' id='word_1_89' title='bbox 1386 1720 1585 1777; x_wconf 68' lang='lat' dir='ltr'><strong>casus</strong></span> <span class='ocrx_word' id='word_1_90' title='bbox 1615 1712 1780 1777; x_wconf 89' lang='lat' dir='ltr'><strong>mihi</strong></span> <span class='ocrx_word' id='word_1_91' title='bbox 1810 1714 2119 1796; x_wconf 90' lang='lat' dir='ltr'><strong>cognitus</strong></span> <span class='ocrx_word' id='word_1_92' title='bbox 2149 1714 2332 1776; x_wconf 88' lang='lat' dir='ltr'><strong>urbis</strong></span> 
     </span>
     <span class='ocr_line' id='line_1_20' title="bbox 601 1815 2240 1901; baseline 0.001 -24"><span class='ocrx_word' id='word_1_93' title='bbox 601 1815 931 1879; x_wconf 71' lang='lat' dir='ltr'><strong>Troianae</strong></span> <span class='ocrx_word' id='word_1_94' title='bbox 963 1824 1342 1901; x_wconf 76' lang='lat' dir='ltr'><strong>nomenque</strong></span> <span class='ocrx_word' id='word_1_95' title='bbox 1372 1826 1564 1880; x_wconf 91' lang='lat' dir='ltr'><strong>tuum</strong></span> <span class='ocrx_word' id='word_1_96' title='bbox 1598 1825 1924 1901; x_wconf 75' lang='lat' dir='ltr'><strong>rogosque</strong></span> <span class='ocrx_word' id='word_1_97' title='bbox 1960 1816 2240 1898; x_wconf 85' lang='lat' dir='ltr'><strong>Pelasgi.</strong></span> 
     </span>
    </p>

    <p class='ocr_par' dir='ltr' id='par_1_11' title="bbox 605 1918 2154 2004">
     <span class='ocr_line' id='line_1_21' title="bbox 605 1918 2154 2004; baseline 0.001 -22"><span class='ocrx_word' id='word_1_98' title='bbox 605 1918 765 2001; x_wconf 93' lang='lat' dir='ltr'><strong>Ipse</strong></span> <span class='ocrx_word' id='word_1_99' title='bbox 797 1919 1009 1984; x_wconf 90' lang='lat' dir='ltr'><strong>hostis</strong></span> <span class='ocrx_word' id='word_1_100' title='bbox 1037 1919 1337 1985; x_wconf 88' lang='lat' dir='ltr'><strong>Teucros</strong></span> <span class='ocrx_word' id='word_1_101' title='bbox 1368 1930 1619 2004; x_wconf 87' lang='lat' dir='ltr'><strong>insigni</strong></span> <span class='ocrx_word' id='word_1_102' title='bbox 1650 1921 1845 1984; x_wconf 88' lang='lat' dir='ltr'><strong>laude</strong></span> <span class='ocrx_word' id='word_1_103' title='bbox 1879 1920 2154 1997; x_wconf 75' lang='lat' dir='ltr'><strong>ferobat,</strong></span> 
     </span>
    </p>

    <p class='ocr_par' dir='ltr' id='par_1_12' title="bbox 603 2021 2491 2402">
     <span class='ocr_line' id='line_1_22' title="bbox 605 2021 2491 2108; baseline -0.001 -20"><span class='ocrx_word' id='word_1_104' title='bbox 605 2021 827 2105; x_wconf 76' lang='lat' dir='ltr'><strong>Soque</strong></span> <span class='ocrx_word' id='word_1_105' title='bbox 858 2033 1077 2087; x_wconf 90' lang='lat' dir='ltr'><strong>ortum</strong></span> <span class='ocrx_word' id='word_1_106' title='bbox 1108 2031 1382 2108; x_wconf 72' lang='lat' dir='ltr'><strong>antiqua</strong></span> <span class='ocrx_word' id='word_1_107' title='bbox 1414 2025 1826 2088; x_wconf 76' lang='lat' dir='ltr'><strong>Teucrorum</strong></span> <span class='ocrx_word' id='word_1_108' title='bbox 1858 2024 1944 2088; x_wconf 93' lang='lat' dir='ltr'><strong>ab</strong></span> <span class='ocrx_word' id='word_1_109' title='bbox 1976 2024 2182 2107; x_wconf 90' lang='lat' dir='ltr'><strong>stirpe</strong></span> <span class='ocrx_word' id='word_1_110' title='bbox 2212 2024 2491 2088; x_wconf 75' lang='lat' dir='ltr'><strong>volobat.</strong></span> 
     </span>
     <span class='ocr_line' id='line_1_23' title="bbox 603 2125 2367 2210; baseline 0.001 -21"><span class='ocrx_word' id='word_1_111' title='bbox 603 2125 831 2210; x_wconf 68' lang='lat' dir='ltr'><strong>Quoro</strong></span> <span class='ocrx_word' id='word_1_112' title='bbox 862 2127 1059 2210; x_wconf 87' lang='lat' dir='ltr'><strong>agite,</strong></span> <span class='ocrx_word' id='word_1_113' title='bbox 1092 2136 1134 2193; x_wconf 92' lang='lat' dir='ltr'><strong>o</strong></span> <span class='ocrx_word' id='word_1_114' title='bbox 1163 2136 1375 2206; x_wconf 73' lang='lat' dir='ltr'><strong>tocti5‚</strong></span> <span class='ocrx_word' id='word_1_115' title='bbox 1410 2129 1706 2207; x_wconf 50' lang='lat' dir='ltr'><strong>iuveno&amp;</strong></span> <span class='ocrx_word' id='word_1_116' title='bbox 1741 2127 2077 2194; x_wconf 70' lang='lat' dir='ltr'><strong>succedite</strong></span> <span class='ocrx_word' id='word_1_117' title='bbox 2109 2137 2367 2192; x_wconf 80' lang='lat' dir='ltr'><strong>nostris,</strong></span> 
     </span>
     <span class='ocr_line' id='line_1_24' title="bbox 606 2232 2302 2316; baseline 0.001 -22"><span class='ocrx_word' id='word_1_118' title='bbox 606 2232 721 2294; x_wconf 77' lang='lat' dir='ltr'><strong>Mo</strong></span> <span class='ocrx_word' id='word_1_119' title='bbox 745 2252 1011 2315; x_wconf 90' lang='lat' dir='ltr'><strong>quoque</strong></span> <span class='ocrx_word' id='word_1_120' title='bbox 1041 2253 1162 2316; x_wconf 92' lang='lat' dir='ltr'><strong>per</strong></span> <span class='ocrx_word' id='word_1_121' title='bbox 1195 2233 1438 2299; x_wconf 89' lang='lat' dir='ltr'><strong>multos</strong></span> <span class='ocrx_word' id='word_1_122' title='bbox 1475 2234 1707 2297; x_wconf 89' lang='lat' dir='ltr'><strong>similis</strong></span> <span class='ocrx_word' id='word_1_123' title='bbox 1738 2233 2011 2298; x_wconf 70' lang='lat' dir='ltr'><strong>{ortona</strong></span> <span class='ocrx_word' id='word_1_124' title='bbox 2044 2233 2302 2296; x_wconf 75' lang='lat' dir='ltr'><strong>labores</strong></span> 
     </span>
     <span class='ocr_line' id='line_1_25' title="bbox 605 2334 2252 2402; baseline 0.001 -4"><span class='ocrx_word' id='word_1_125' title='bbox 605 2334 927 2399; x_wconf 69' lang='lat' dir='ltr'><strong>Iactotam</strong></span> <span class='ocrx_word' id='word_1_126' title='bbox 960 2336 1088 2402; x_wconf 73' lang='lat' dir='ltr'><strong>hoc</strong></span> <span class='ocrx_word' id='word_1_127' title='bbox 1120 2337 1389 2401; x_wconf 77' lang='lat' dir='ltr'><strong>domurn</strong></span> <span class='ocrx_word' id='word_1_128' title='bbox 1422 2337 1633 2402; x_wconf 90' lang='lat' dir='ltr'><strong>voluit</strong></span> <span class='ocrx_word' id='word_1_129' title='bbox 1665 2338 2028 2402; x_wconf 71' lang='lat' dir='ltr'><strong>consistere</strong></span> <span class='ocrx_word' id='word_1_130' title='bbox 2061 2344 2252 2401; x_wconf 70' lang='lat' dir='ltr'><strong>terra.</strong></span> 
     </span>
    </p>

    <p class='ocr_par' dir='ltr' id='par_1_13' title="bbox 604 2438 2207 2521">
     <span class='ocr_line' id='line_1_26' title="bbox 604 2438 2207 2521; baseline 0.002 -20"><span class='ocrx_word' id='word_1_131' title='bbox 604 2438 761 2502; x_wconf 93' lang='lat' dir='ltr'><strong>Non</strong></span> <span class='ocrx_word' id='word_1_132' title='bbox 792 2441 1028 2521; x_wconf 70' lang='lat' dir='ltr'><strong>ignora</strong></span> <span class='ocrx_word' id='word_1_133' title='bbox 1061 2441 1219 2504; x_wconf 88' lang='lat' dir='ltr'><strong>mali</strong></span> <span class='ocrx_word' id='word_1_134' title='bbox 1249 2442 1509 2505; x_wconf 88' lang='lat' dir='ltr'><strong>miseris</strong></span> <span class='ocrx_word' id='word_1_135' title='bbox 1543 2462 1930 2506; x_wconf 86' lang='lat' dir='ltr'><strong>succurrere</strong></span> <span class='ocrx_word' id='word_1_136' title='bbox 1961 2438 2207 2505; x_wconf 87' lang='lat' dir='ltr'><strong>disco.’&#39;</strong></span> 
     </span>
    </p>

    <p class='ocr_par' dir='ltr' id='par_1_14' title="bbox 688 2542 2294 2627">
     <span class='ocr_line' id='line_1_27' title="bbox 688 2542 2294 2627; baseline 0.002 -19"><span class='ocrx_word' id='word_1_137' title='bbox 688 2542 802 2608; x_wconf 89' lang='lat' dir='ltr'><strong>Sic</strong></span> <span class='ocrx_word' id='word_1_138' title='bbox 834 2555 1195 2623; x_wconf 90' lang='lat' dir='ltr'><strong>memorat;</strong></span> <span class='ocrx_word' id='word_1_139' title='bbox 1245 2545 1440 2609; x_wconf 92' lang='lat' dir='ltr'><strong>simul</strong></span> <span class='ocrx_word' id='word_1_140' title='bbox 1474 2547 1762 2610; x_wconf 75' lang='lat' dir='ltr'><strong>Aenoan</strong></span> <span class='ocrx_word' id='word_1_141' title='bbox 1794 2545 1862 2609; x_wconf 93' lang='lat' dir='ltr'><strong>in</strong></span> <span class='ocrx_word' id='word_1_142' title='bbox 1895 2545 2079 2627; x_wconf 77' lang='lat' dir='ltr'><strong>rogia</strong></span> <span class='ocrx_word' id='word_1_143' title='bbox 2110 2546 2294 2611; x_wconf 78' lang='lat' dir='ltr'><strong>docit</strong></span> 
     </span>
    </p>

    <p class='ocr_par' dir='ltr' id='par_1_15' title="bbox 599 2646 2254 2732">
     <span class='ocr_line' id='line_1_28' title="bbox 599 2646 2254 2732; baseline 0.001 -21"><span class='ocrx_word' id='word_1_144' title='bbox 599 2646 832 2723; x_wconf 77' lang='lat' dir='ltr'><strong>Tocta,</strong></span> <span class='ocrx_word' id='word_1_145' title='bbox 866 2648 1059 2711; x_wconf 92' lang='lat' dir='ltr'><strong>simul</strong></span> <span class='ocrx_word' id='word_1_146' title='bbox 1093 2649 1318 2713; x_wconf 91' lang='lat' dir='ltr'><strong>divum</strong></span> <span class='ocrx_word' id='word_1_147' title='bbox 1352 2650 1621 2732; x_wconf 87' lang='lat' dir='ltr'><strong>templis</strong></span> <span class='ocrx_word' id='word_1_148' title='bbox 1653 2649 1883 2714; x_wconf 91' lang='lat' dir='ltr'><strong>indicit</strong></span> <span class='ocrx_word' id='word_1_149' title='bbox 1914 2648 2254 2713; x_wconf 89' lang='lat' dir='ltr'><strong>honorem.</strong></span> 
     </span>
    </p>

    <p class='ocr_par' dir='ltr' id='par_1_16' title="bbox 604 2750 2091 2818">
     <span class='ocr_line' id='line_1_29' title="bbox 604 2750 2091 2818; baseline 0.002 -4"><span class='ocrx_word' id='word_1_150' title='bbox 604 2750 751 2816; x_wconf 90' lang='lat' dir='ltr'><strong>Nec</strong></span> <span class='ocrx_word' id='word_1_151' title='bbox 782 2751 1001 2815; x_wconf 90' lang='lat' dir='ltr'><strong>minus</strong></span> <span class='ocrx_word' id='word_1_152' title='bbox 1032 2752 1286 2817; x_wconf 69' lang='lat' dir='ltr'><strong>interea</strong></span> <span class='ocrx_word' id='word_1_153' title='bbox 1319 2756 1515 2817; x_wconf 91' lang='lat' dir='ltr'><strong>sociis</strong></span> <span class='ocrx_word' id='word_1_154' title='bbox 1549 2754 1633 2817; x_wconf 93' lang='lat' dir='ltr'><strong>ad</strong></span> <span class='ocrx_word' id='word_1_155' title='bbox 1667 2754 1860 2818; x_wconf 90' lang='lat' dir='ltr'><strong>litora</strong></span> <span class='ocrx_word' id='word_1_156' title='bbox 1892 2754 2091 2818; x_wconf 88' lang='lat' dir='ltr'><strong>mittit</strong></span> 
     </span>
    </p>

    <p class='ocr_par' dir='ltr' id='par_1_17' title="bbox 602 2855 2242 2940">
     <span class='ocr_line' id='line_1_30' title="bbox 602 2855 2242 2940; baseline 0.001 -21"><span class='ocrx_word' id='word_1_157' title='bbox 602 2855 859 2937; x_wconf 87' lang='lat' dir='ltr'><strong>Viginti</strong></span> <span class='ocrx_word' id='word_1_158' title='bbox 888 2865 1134 2934; x_wconf 92' lang='lat' dir='ltr'><strong>tauros,</strong></span> <span class='ocrx_word' id='word_1_159' title='bbox 1171 2865 1568 2940; x_wconf 71' lang='lat' dir='ltr'><strong>magnorum</strong></span> <span class='ocrx_word' id='word_1_160' title='bbox 1604 2858 1941 2921; x_wconf 90' lang='lat' dir='ltr'><strong>horrentia</strong></span> <span class='ocrx_word' id='word_1_161' title='bbox 1973 2869 2242 2922; x_wconf 90' lang='lat' dir='ltr'><strong>centum</strong></span> 
     </span>
    </p>

    <p class='ocr_par' dir='ltr' id='par_1_18' title="bbox 597 2959 2487 3043">
     <span class='ocr_line' id='line_1_31' title="bbox 597 2959 2487 3043; baseline 0.001 -21"><span class='ocrx_word' id='word_1_162' title='bbox 597 2959 823 3041; x_wconf 88' lang='lat' dir='ltr'><strong>Terga</strong></span> <span class='ocrx_word' id='word_1_163' title='bbox 855 2979 1068 3037; x_wconf 92' lang='lat' dir='ltr'><strong>suum,</strong></span> <span class='ocrx_word' id='word_1_164' title='bbox 1104 2962 1389 3043; x_wconf 75' lang='lat' dir='ltr'><strong>pinguos</strong></span> <span class='ocrx_word' id='word_1_165' title='bbox 1422 2971 1691 3027; x_wconf 87' lang='lat' dir='ltr'><strong>centurn</strong></span> <span class='ocrx_word' id='word_1_166' title='bbox 1723 2973 1876 3025; x_wconf 89' lang='lat' dir='ltr'><strong>curn</strong></span> <span class='ocrx_word' id='word_1_167' title='bbox 1909 2961 2233 3025; x_wconf 77' lang='lat' dir='ltr'><strong>matribus</strong></span> <span class='ocrx_word' id='word_1_168' title='bbox 2263 2966 2487 3043; x_wconf 74' lang='lat' dir='ltr'><strong>agnos.</strong></span> 
     </span>
    </p>

    <p class='ocr_par' dir='ltr' id='par_1_19' title="bbox 604 3064 1512 3149">
     <span class='ocr_line' id='line_1_32' title="bbox 604 3064 1512 3149; baseline 0.004 -24"><span class='ocrx_word' id='word_1_169' title='bbox 604 3064 891 3127; x_wconf 77' lang='lat' dir='ltr'><strong>Moneta</strong></span> <span class='ocrx_word' id='word_1_170' title='bbox 922 3064 1375 3149; x_wconf 88' lang='lat' dir='ltr'><strong>laetitiamque</strong></span> <span class='ocrx_word' id='word_1_171' title='bbox 1405 3067 1512 3130; x_wconf 87' lang='lat' dir='ltr'><strong>dii.</strong></span> 
     </span>
    </p>

    <p class='ocr_par' dir='ltr' id='par_1_20' title="bbox 602 3167 2082 3253">
     <span class='ocr_line' id='line_1_33' title="bbox 602 3167 2082 3253; baseline 0.003 -23"><span class='ocrx_word' id='word_1_172' title='bbox 602 3168 700 3231; x_wconf 88' lang='lat' dir='ltr'><strong>At</strong></span> <span class='ocrx_word' id='word_1_173' title='bbox 730 3167 969 3231; x_wconf 88' lang='lat' dir='ltr'><strong>domus</strong></span> <span class='ocrx_word' id='word_1_174' title='bbox 1000 3168 1272 3233; x_wconf 89' lang='lat' dir='ltr'><strong>interior</strong></span> <span class='ocrx_word' id='word_1_175' title='bbox 1301 3170 1512 3253; x_wconf 73' lang='lat' dir='ltr'><strong>rogali</strong></span> <span class='ocrx_word' id='word_1_176' title='bbox 1541 3170 1895 3253; x_wconf 90' lang='lat' dir='ltr'><strong>splendida</strong></span> <span class='ocrx_word' id='word_1_177' title='bbox 1925 3170 2082 3234; x_wconf 76' lang='lat' dir='ltr'><strong>loxii</strong></span> 
     </span>
    </p>

    <p class='ocr_par' dir='ltr' id='par_1_21' title="bbox 594 3256 2264 3357">
     <span class='ocr_line' id='line_1_34' title="bbox 594 3256 2264 3357; baseline 0 -22"><span class='ocrx_word' id='word_1_178' title='bbox 594 3256 979 3348; x_wconf 68' lang='lat' dir='ltr'><strong>Tnstruitur,</strong></span> <span class='ocrx_word' id='word_1_179' title='bbox 1017 3272 1385 3357; x_wconf 90' lang='lat' dir='ltr'><strong>mediisque</strong></span> <span class='ocrx_word' id='word_1_180' title='bbox 1420 3284 1662 3356; x_wconf 89' lang='lat' dir='ltr'><strong>parant</strong></span> <span class='ocrx_word' id='word_1_181' title='bbox 1699 3274 2002 3338; x_wconf 89' lang='lat' dir='ltr'><strong>convivia</strong></span> <span class='ocrx_word' id='word_1_182' title='bbox 2034 3281 2264 3352; x_wconf 76' lang='lat' dir='ltr'><strong>toctis3</strong></span> 
     </span>
    </p>

    <p class='ocr_par' dir='ltr' id='par_1_22' title="bbox 599 3373 2085 3460">
     <span class='ocr_line' id='line_1_35' title="bbox 599 3373 2085 3460; baseline 0.001 -22"><span class='ocrx_word' id='word_1_183' title='bbox 599 3373 773 3439; x_wconf 91' lang='lat' dir='ltr'><strong>Arte</strong></span> <span class='ocrx_word' id='word_1_184' title='bbox 804 3375 1142 3439; x_wconf 69' lang='lat' dir='ltr'><strong>laboratae</strong></span> <span class='ocrx_word' id='word_1_185' title='bbox 1172 3385 1396 3440; x_wconf 72' lang='lat' dir='ltr'><strong>vestes</strong></span> <span class='ocrx_word' id='word_1_186' title='bbox 1429 3385 1744 3460; x_wconf 90' lang='lat' dir='ltr'><strong>ostroque</strong></span> <span class='ocrx_word' id='word_1_187' title='bbox 1776 3376 2085 3460; x_wconf 89' lang='lat' dir='ltr'><strong>superbo,</strong></span> 
     </span>
    </p>

    <p class='ocr_par' dir='ltr' id='par_1_23' title="bbox 603 3477 2261 3564">
     <span class='ocr_line' id='line_1_36' title="bbox 603 3477 2261 3564; baseline 0.001 -23"><span class='ocrx_word' id='word_1_188' title='bbox 603 3477 857 3560; x_wconf 74' lang='lat' dir='ltr'><strong>Ingons</strong></span> <span class='ocrx_word' id='word_1_189' title='bbox 889 3490 1238 3561; x_wconf 87' lang='lat' dir='ltr'><strong>argentum</strong></span> <span class='ocrx_word' id='word_1_190' title='bbox 1274 3488 1541 3557; x_wconf 74' lang='lat' dir='ltr'><strong>monsiS,</strong></span> <span class='ocrx_word' id='word_1_191' title='bbox 1578 3480 1967 3564; x_wconf 72' lang='lat' dir='ltr'><strong>caelataque</strong></span> <span class='ocrx_word' id='word_1_192' title='bbox 1998 3479 2066 3544; x_wconf 94' lang='lat' dir='ltr'><strong>in</strong></span> <span class='ocrx_word' id='word_1_193' title='bbox 2099 3487 2261 3544; x_wconf 89' lang='lat' dir='ltr'><strong>auro</strong></span> 
     </span>
    </p>

    <p class='ocr_par' dir='ltr' id='par_1_24' title="bbox 604 3581 2266 3666">
     <span class='ocr_line' id='line_1_37' title="bbox 604 3581 2266 3666; baseline 0.001 -22"><span class='ocrx_word' id='word_1_194' title='bbox 604 3581 831 3645; x_wconf 91' lang='lat' dir='ltr'><strong>Fortia</strong></span> <span class='ocrx_word' id='word_1_195' title='bbox 863 3583 1043 3647; x_wconf 87' lang='lat' dir='ltr'><strong>facta</strong></span> <span class='ocrx_word' id='word_1_196' title='bbox 1077 3595 1359 3666; x_wconf 89' lang='lat' dir='ltr'><strong>patrum,</strong></span> <span class='ocrx_word' id='word_1_197' title='bbox 1396 3583 1601 3648; x_wconf 75' lang='lat' dir='ltr'><strong>serios</strong></span> <span class='ocrx_word' id='word_1_198' title='bbox 1627 3583 2017 3665; x_wconf 86' lang='lat' dir='ltr'><strong>longissima</strong></span> <span class='ocrx_word' id='word_1_199' title='bbox 2047 3591 2266 3647; x_wconf 75' lang='lat' dir='ltr'><strong>rorum</strong></span> 
     </span>
    </p>

    <p class='ocr_par' dir='ltr' id='par_1_25' title="bbox 603 3685 2514 3876">
     <span class='ocr_line' id='line_1_38' title="bbox 603 3685 2322 3770; baseline 0.001 -22"><span class='ocrx_word' id='word_1_200' title='bbox 603 3685 729 3750; x_wconf 91' lang='lat' dir='ltr'><strong>Per</strong></span> <span class='ocrx_word' id='word_1_201' title='bbox 757 3694 856 3749; x_wconf 90' lang='lat' dir='ltr'><strong>tot</strong></span> <span class='ocrx_word' id='word_1_202' title='bbox 886 3688 1087 3749; x_wconf 90' lang='lat' dir='ltr'><strong>ducta</strong></span> <span class='ocrx_word' id='word_1_203' title='bbox 1118 3689 1295 3752; x_wconf 90' lang='lat' dir='ltr'><strong>viros</strong></span> <span class='ocrx_word' id='word_1_204' title='bbox 1328 3698 1644 3770; x_wconf 88' lang='lat' dir='ltr'><strong>antiquae</strong></span> <span class='ocrx_word' id='word_1_205' title='bbox 1677 3687 1763 3752; x_wconf 92' lang='lat' dir='ltr'><strong>ab</strong></span> <span class='ocrx_word' id='word_1_206' title='bbox 1793 3688 2050 3769; x_wconf 87' lang='lat' dir='ltr'><strong>origine</strong></span> <span class='ocrx_word' id='word_1_207' title='bbox 2082 3688 2322 3768; x_wconf 77' lang='lat' dir='ltr'><strong>gentis,</strong></span> 
     </span>
     <span class='ocr_line' id='line_1_39' title="bbox 687 3789 2514 3876; baseline 0.001 -23"><span class='ocrx_word' id='word_1_208' title='bbox 687 3789 1058 3854; x_wconf 72' lang='lat' dir='ltr'><strong>Aenoos—</strong></span> <span class='ocrx_word' id='word_1_209' title='bbox 1080 3811 1299 3874; x_wconf 90' lang='lat' dir='ltr'><strong>neque</strong></span> <span class='ocrx_word' id='word_1_210' title='bbox 1329 3791 1507 3855; x_wconf 90' lang='lat' dir='ltr'><strong>enirn</strong></span> <span class='ocrx_word' id='word_1_211' title='bbox 1541 3791 1797 3876; x_wconf 90' lang='lat' dir='ltr'><strong>patrius</strong></span> <span class='ocrx_word' id='word_1_212' title='bbox 1827 3791 2189 3854; x_wconf 89' lang='lat' dir='ltr'><strong>consistere</strong></span> <span class='ocrx_word' id='word_1_213' title='bbox 2222 3801 2514 3855; x_wconf 89' lang='lat' dir='ltr'><strong>mentem</strong></span> 
     </span>
    </p>
   </div>
  </div>
 </body>
</html>
