3015 4288
1123 270 1358 325 LIBER
1407 269 1769 325 OCTAVUS
2419 277 2545 342 223

514 448 899 534 Ingredere,
932 470 975 516 o
1005 449 1342 516 Teucrum
1380 458 1582 532 atque
1623 450 1867 512 Italum
1901 446 2262 512 fortissime
2294 445 2545 510 ductor.

514 555 719 619 Hunc
749 554 871 619 tibi
902 563 1267 639 praeterea,
1303 574 1460 637 spes
1490 562 1561 618 et
1589 555 1825 617 solatia
1855 551 2082 629 nostri,

337 681 430 737 515
506 660 810 722 Pallanta
841 658 1244 741 adiungam;
1294 656 1420 722 sub
1453 668 1521 721 te
1552 657 1837 721 tolerare
1870 655 2187 740 magistro

334 1199 435 1254 520

335 1717 435 1774 525

341 2237 443 2291 530

347 2857 441 2912 535

513 763 823 827 Militiam
855 771 925 827 et
953 782 1162 846 grave
1196 761 1434 826 Martis
1465 781 1659 846 opuS,
1690 770 1808 825 tua
1840 780 2114 825 cernere
2147 759 2329 824 facta

513 865 913 945 Adsuescat,
948 865 1181 950 primis
1212 874 1282 930 et
1309 874 1378 930 te
1408 866 1686 930 miretur
1715 865 1803 929 ab
1833 866 2045 930 annis.

509 970 817 1036 Arcadas
849 971 1004 1035 huic
1035 971 1294 1053 equites
1325 969 1431 1034 bis
1461 980 1752 1047 centum,
1787 969 2028 1033 robora
2058 969 2255 1052 pubis

513 1073 743 1151 Lecta,
776 1073 970 1152 dab0‚
1003 1074 1415 1158 totidemque
1447 1094 1570 1138 suo
1600 1072 1723 1138 tibi
1753 1093 2030 1138 munere
2063 1072 2292 1136 Pallas
2310 1072 2345 1097 ”

599 1177 732 1242 Vix
762 1197 844 1241 ea
875 1177 1059 1241 fatus
1091 1186 1272 1242 erat:
1320 1177 1652 1261 defixique
1684 1197 1801 1242 ora
1832 1176 2153 1241 tenebant

512 1281 787 1346 Aeneas
819 1280 1271 1346 Anchisiades
1302 1291 1371 1346 et
1401 1282 1577 1345 fidus
1609 1281 1912 1345 Achates
1930 1300 1948 1360 3

516 1385 867 1468 Multaque
899 1384 1067 1448 dura
1097 1406 1219 1449 suo
1248 1384 1423 1449 tristi
1453 1405 1603 1449 cum
1639 1384 1839 1449 corde
1870 1384 2216 1469 putabant,

514 1488 607 1552 Ni
637 1488 902 1572 signum
935 1489 1121 1553 caelo
1153 1489 1489 1574 Cytherea
1521 1488 1814 1553 dedisset
1844 1498 2095 1571 aperto.

514 1592 825 1675 Namque
856 1592 1218 1676 improviso
1247 1591 1547 1656 vibratus
1577 1592 1664 1655 ab
1696 1592 1969 1656 aethere
1999 1592 2226 1675 fulgor

515 1696 687 1761 Cum
720 1694 942 1760 sonitu
973 1693 1176 1772 venit,
1208 1704 1278 1760 et
1309 1715 1501 1759 ruere
1533 1697 1757 1759 omnia
1785 1695 1930 1759 visa
1960 1705 2253 1779 repente,

512 1800 1044 1886 Tyrrhenusque
1073 1799 1277 1863 tubae
1307 1800 1569 1882 mugire
1600 1819 1720 1882 per
1750 1799 2024 1863 aethera
2053 1800 2346 1882 clangor.

517 1901 946 1986 Suspiciunt3
988 1901 1229 1966 iterum
1249 1912 1451 1986 atque
1469 1903 1710 1966 iterum
1733 1904 1962 1986 fragor
1972 1901 2275 1986 increpat
2291 1904 2547 1985 ingens.

516 2006 732 2069 Arma
763 2002 936 2070 inter
966 2006 1215 2070 nubem
1247 2006 1416 2070 caeli
1444 2008 1522 2079 in.
1546 2005 1820 2089 regione
1852 2025 2088 2071 serena

518 2110 646 2174 Per
675 2109 917 2174 sudum
949 2109 1219 2175 rutilare
1250 2108 1481 2175 vident
1511 2118 1580 2174 et
1610 2110 1805 2194 pulsa
1834 2119 2086 2175 tonare.

519 2214 929 2297 Obstipuere
962 2213 1201 2277 animis
1233 2214 1382 2293 alii;
1430 2215 1550 2278 sed
1582 2215 1827 2278 Trorus
1858 2214 2054 2278 heros

517 2316 871 2400 Adgnovit
900 2319 1190 2382 sonitum
1220 2327 1290 2383 et
1319 2317 1513 2383 divae
1543 2320 1872 2402 promissa
1902 2317 2218 2402 parentis,

602 2420 781 2485 Tum
823 2429 1187 2485 memorat:
1236 2426 1274 2454 “
1299 2421 1409 2485 Ne
1448 2442 1627 2499 vero,
1672 2422 1941 2505 hospeS,
1985 2441 2072 2485 ne
2121 2440 2370 2504 quaere
2410 2440 2556 2504 pro-

694 2524 895 2602 fecto,

518 2627 739 2712 Quem
773 2648 1003 2693 casum
1035 2639 1346 2713 portenta
1376 2630 1637 2707 ferant;
1684 2650 1814 2712 ego
1846 2649 2086 2712 poscor
2117 2628 2430 2714 Olympo.

523 2731 678 2797 Hoc
710 2732 977 2816 signum
1008 2732 1250 2798 cecinit
1279 2735 1632 2796 missuram
1665 2734 1818 2797 diva
1847 2732 2146 2810 creatrix,

525 2835 599 2901 Si
627 2836 877 2900 bellum
908 2838 1269 2919 ingrueret,
1304 2836 1767 2920 Vulcaniaque
1799 2856 1985 2900 arma
2017 2856 2138 2920 per
2167 2855 2364 2899 auras

524 2939 845 3004 Laturam
876 2939 1138 3004 auxilio.

526 3044 685 3107 Heu
715 3051 1006 3126 quantae
1037 3042 1295 3107 miseris
1326 3043 1567 3108 caedes
1604 3043 2053 3108 Laurentibus
2085 3041 2373 3107 instant!

525 3146 713 3229 Quas
768 3167 1023 3231 poenas
1081 3146 1264 3224 mihi,
1314 3147 1563 3224 Turne,
1620 3146 1847 3210 dabis!
1913 3166 2115 3230 quam
2164 3146 2373 3210 multa
2431 3147 2557 3210 sub

696 3251 914 3315 undas

525 3355 730 3419 Scuta
758 3353 972 3418 virum
1006 3355 1369 3439 galeasque
1399 3364 1470 3420 et
1491 3356 1694 3420 fortia
1724 3375 2003 3438 corpora
2030 3353 2274 3432 volves,

358 3480 452 3530 540
525 3457 784 3543 Thybri
814 3461 1041 3542 pater!
1138 3461 1425 3524 Poscant
1455 3459 1650 3537 acies,
1685 3469 1751 3524 et
1784 3459 2059 3523 foedera
2088 3467 2401 3541 rumpant
2422 3457 2435 3520 l
2459 3454 2490 3483 ’¹

615 3562 809 3627 Haec
841 3563 955 3627 ubi
986 3562 1164 3627 dicta
1194 3563 1396 3640 dedit,
1432 3564 1598 3628 solio
1629 3584 1702 3628 se
1732 3563 1904 3627 tollit
1934 3562 2018 3625 ab
2052 3563 2222 3639 alto;

529 3667 619 3731 Et
648 3667 935 3751 primum
972 3668 1326 3732 Herculeis
1359 3667 1612 3749 sopitas
1640 3667 1909 3749 ignibus
1939 3686 2090 3730 aras

530 3770 812 3846 Excitat,
850 3770 1368 3854 hesternumque
1403 3772 1645 3833 Larem
1681 3790 2054 3853 parvosque
2088 3770 2373 3833 Penates
