3015 4288
421 266 541 332 126

412 581 474 637 ²5

409 1619 474 1675 35

412 2141 476 2190 40

414 2655 474 2711 ⁴⁵

412 3696 474 3752 55

1123 273 1443 329 VERGILI
1498 276 1660 330 AEN
1666 277 1900 333 EIDOS

588 451 758 517 Fida
787 471 940 517 reor
968 451 1266 528 fraterna
1299 453 1538 540 Erycis
1571 464 1937 539 portusque
1970 455 2267 534 SicanoS‚

583 556 660 622 Si
688 556 887 622 modo
918 556 1043 622 rite
1075 577 1329 645 memor
1359 568 1627 622 servata
1655 559 1967 624 remetior
1996 560 2238 624 astra.”

584 661 760 726 Tum
793 660 945 743 pius
976 661 1289 725 Aeneas:
1340 666 1376 694 “
1400 661 1733 745 Equidem
1767 661 1861 726 sic
1894 683 2169 746 poscere
2201 673 2438 729 ventos

588 765 991 830 Iamdudum
1023 775 1092 829 et
1123 764 1373 830 frustra
1404 785 1608 831 cerno
1639 775 1706 830 te
1737 766 2015 830 tendere
2044 777 2294 832 contra.

587 869 816 934 Flecte
846 868 1025 933 viam
1055 869 1239 933 velis,
1333 869 1449 933 An
1482 869 1569 933 sit
1600 869 1762 932 mihi
1792 870 2044 953 gratior
2074 871 2228 948 ulla,

585 973 825 1057 Quove
858 972 1073 1057 magis
1105 973 1322 1038 fessas
1352 983 1581 1056 optem
1613 964 1963 1038 demittere
1993 993 2218 1052 naveS‚

586 1076 807 1159 Quam
840 1097 1012 1161 quae
1048 1076 1465 1141 Dardanium
1501 1077 1698 1141 tellus
1730 1077 1893 1141 mihi
1928 1086 2151 1142 servat
2183 1079 2504 1157 Acesten,

589 1181 679 1244 Et
710 1180 917 1263 patris
948 1180 1294 1245 Anchisae
1325 1183 1582 1263 gremio
1614 1181 2080 1265 complectitur
2109 1183 2308 1246 ossa?
2333 1183 2371 1210 ”

589 1285 780 1349 Haec
814 1284 927 1349 ubi
956 1284 1152 1361 dicta,
1188 1294 1428 1368 petunt
1457 1295 1711 1369 portus,
1744 1296 1816 1350 et
1844 1286 1996 1350 vela
2025 1285 2303 1351 secundi

588 1388 960 1453 Intendunt
990 1388 1321 1474 Zephyri;
1369 1390 1584 1453 fertur
1614 1389 1746 1453 cita
1776 1389 2043 1473 gurgite
2066 1389 2320 1467 classiS,

588 1491 679 1555 Et
707 1492 978 1556 tandem
1011 1490 1170 1557 laeti
1201 1503 1401 1557 notae
1434 1493 1874 1557 advertuntur
1906 1494 2216 1559 harenae.

674 1595 772 1660 At
803 1597 1036 1680 procul
1066 1617 1151 1661 ex
1183 1598 1363 1662 celso
1397 1596 1673 1661 miratus
1703 1597 1952 1662 vertice
1981 1596 2229 1662 montis

587 1698 976 1764 Adventum
1010 1700 1359 1784 sociasque
1391 1711 1568 1778 rates
1599 1703 1887 1765 occurrit
1918 1702 2228 1779 AcesteS,

590 1802 923 1867 Horridus
955 1803 1022 1867 in
1054 1803 1287 1869 iaculis
1317 1814 1385 1869 et
1417 1805 1592 1888 pelle
1627 1804 1994 1891 Libystidis
2027 1825 2242 1883 ursae,

586 1907 790 1972 Trora
821 1907 1082 1973 Criniso
1113 1917 1515 1991 conceptum
1548 1908 1822 1973 flumine
1851 1918 2066 1973 mater

589 2009 808 2093 Quem
839 2011 1092 2093 genuit.
1186 2013 1509 2076 Veterum
1541 2033 1676 2077 non
1710 2011 2059 2076 immemor
2089 2011 2199 2077 ille
2225 2021 2576 2098 parentum

592 2114 908 2180 Gratatur
938 2116 1219 2180 reduces
1250 2125 1318 2180 et
1349 2136 1515 2199 gaza
1547 2117 1764 2181 laetus
1797 2117 2047 2199 agresti

590 2218 873 2302 Excipit,
907 2240 986 2284 ac
1018 2221 1238 2285 fessos
1269 2221 1512 2304 opibus
1544 2221 1795 2285 solatur
1826 2222 2075 2286 amicis.

676 2323 950 2387 Postera
979 2344 1132 2387 cum
1165 2324 1380 2407 primo
1413 2324 1640 2388 stellas
1674 2325 1954 2390 Oriente
1985 2325 2257 2407 fugarat

544 2470 548 2474 -
586 2425 784 2491 Clara
813 2427 972 2504 diesg
1011 2428 1226 2492 socios
1259 2428 1326 2491 in
1359 2437 1626 2492 coetum
1660 2428 1852 2493 litore
1884 2428 1969 2493 ab
2001 2429 2187 2493 omni

586 2527 896 2594 Advocat
927 2531 1624 2615 AeneaS,“tumulique
1656 2551 1736 2595 ex
1770 2552 2019 2615 aggere
2051 2533 2268 2597 fatur:

587 2637 624 2667 ‘⁴
649 2634 1077 2698 Dardanidae
1111 2635 1356 2717 magni,
1393 2655 1610 2717 genus
1642 2635 1779 2699 alto
1809 2656 1850 2698 a
1881 2637 2210 2718 sanguine
2241 2636 2489 2714 divum,

585 2735 878 2801 Annuus
908 2738 1156 2801 exactis
1189 2704 1564 2821 completur
1594 2738 1939 2803 mensibus
1969 2739 2166 2816 orbis,

588 2840 691 2904 Ex
721 2861 854 2925 quo
885 2842 1195 2926 reliquias
1227 2842 1568 2926 divinique
1600 2864 1753 2908 ossa
1786 2845 2082 2927 parentis

586 2943 1025 3009 Condidimus
1057 2955 1234 3010 terra
1265 2957 1691 3031 maestasque
1724 2947 2134 3021 sacravimus
2165 2968 2334 3012 aras,

589 3048 867 3133 Iamque
900 3051 1061 3127 dieS‚
1096 3050 1225 3114 nisi
1256 3051 1473 3128 fallor,
1510 3052 1719 3130 adest,
1756 3071 1956 3135 quem
1989 3071 2256 3135 semper
2288 3049 2618 3128 acerbum,

583 3152 867 3236 Semper
896 3153 1294 3218 honoratum
1313 3191 1401 3202 —-
1422 3156 1515 3219 sic
1547 3155 1617 3223 di
1646 3155 1949 3220 voluistis
1968 3193 2057 3201 —
2074 3154 2357 3220 habebo,

589 3254 792 3322 Hunc
822 3277 950 3340 ego
983 3258 1284 3323 Gaetulis
1316 3280 1588 3342 agerem
1622 3259 1678 3323 si
1713 3259 2023 3344 Syrtibus
2055 3259 2261 3337 exsul,

586 3359 992 3443 Argolicove
1023 3362 1191 3425 mari
1221 3363 1594 3446 deprensus
1628 3374 1694 3428 et
1728 3363 1889 3428 urbe
1934 3364 2283 3448 Mycenae,

587 3463 841 3528 Annua
869 3476 1026 3529 vota
1057 3476 1282 3530 tamen
1316 3467 1804 3550 sollemnesque
1840 3467 2070 3531 ordine
2104 3487 2390 3549 pompas

588 3568 1025 3652 Exsequerer‚
1062 3580 1518 3653 strueremque
1552 3571 1688 3635 suis
1720 3571 1950 3634 altaria
1985 3572 2196 3635 donis,

590 3671 654 3735 N
660 3692 791 3736 unc
823 3673 996 3736 ultro
1028 3673 1112 3735 ad
1147 3672 1403 3736 cineres
1437 3673 1645 3755 ipsius
1679 3684 1744 3737 et
1776 3695 1930 3737 ossa
1965 3674 2283 3756 parentiS,

582 3772 826 3859 (Haud
858 3775 1164 3860 equidem
1199 3776 1341 3839 sine
1377 3786 1599 3840 mente
1632 3797 1780 3841 reor
1813 3778 1956 3841 sine
1989 3777 2262 3843 numine
2296 3776 2580 3866 divum,)
