3015 4288
880 804 962 883 P.
1030 805 1499 881 VERGILI
1580 806 2099 882 MARole
2195 773 2204 780 ’

1069 1000 1909 1097 AENEIDOS

1081 1281 1376 1347 LIBER
1436 1282 1891 1348 OCTAVUS

641 1448 743 1517 Ut
768 1448 928 1515 belli
956 1449 1224 1532 signum
1259 1448 1583 1514 Laurenti
1614 1450 1883 1514 Turnus
1913 1449 1999 1514 ab
2030 1470 2182 1515 arce

556 1552 832 1631 Extulit,
863 1564 934 1619 et
963 1574 1163 1618 rauco
1195 1562 1628 1637 strepuerunt
1658 1573 1909 1617 cornua
1940 1563 2159 1630 cantu,

555 1657 785 1741 thue
815 1676 1004 1722 acres
1035 1658 1373 1721 concussit
1402 1676 1631 1741 equOS‚
1666 1666 1871 1739 utque
1901 1657 2165 1740 impulit
2196 1678 2397 1734 arma.

556 1760 914 1844 Extemplo
942 1760 1193 1824 turbati
1222 1760 1445 1837 animi,
1479 1759 1680 1824 simul
1708 1779 1909 1824 omne
1932 1760 2221 1825 tumultu

403 1886 436 1944 ς
552 1863 876 1930 Coniurat
903 1863 1166 1948 trepido
1201 1862 1488 1941 Latium,
1526 1862 1868 1947 saevitque
1900 1864 2211 1929 iuventus

554 1968 808 2033 Effera.
903 1968 1238 2032 Ductores
1270 1967 1469 2051 primi
1504 1968 1863 2051 Messapus
1894 1977 1964 2031 et
1995 1969 2220 2034 Ufens

550 2072 1124 2157 Contemptorque
1154 2071 1355 2136 deum
1394 2072 1770 2136 Mezentius
1802 2071 2096 2156 undique
2128 2082 2383 2157 cogunt

553 2176 840 2255 Auxilia,
873 2186 941 2242 et
968 2176 1142 2241 latos
1161 2185 1431 2241 vastant
1461 2176 1828 2241 cultoribus
1858 2196 2077 2260 agros.

555 2282 845 2345 Mittitur
874 2290 945 2346 et
972 2281 1203 2365 magni
1230 2280 1539 2346 Venulus
1575 2281 1924 2345 Diomedis
1954 2281 2040 2345 ad
2072 2280 2327 2358 urbem,

372 2412 438 2451 ιο
549 2383 685 2469 Qui
716 2393 903 2467 petat
932 2384 1267 2462 auxilium,
1299 2394 1387 2460 et,
1425 2384 1621 2448 Latio
1651 2385 2017 2449 consistere
2047 2385 2365 2462 Teucros,

551 2488 932 2553 Advectum
964 2489 1250 2554 Aenean
1281 2489 1483 2553 classi
1513 2490 1856 2572 victosque
1890 2489 2177 2553 Penates

555 2592 821 2658 Inferre
852 2601 919 2658 et
949 2592 1109 2658 fatis
1140 2613 1372 2677 regem
1396 2613 1470 2657 se
1503 2591 1725 2658 dicere
1758 2591 1962 2676 posci,

555 2696 874 2776 Edoceat,
907 2697 1285 2782 multasque
1314 2696 1459 2762 viro
1490 2717 1566 2761 se
1595 2696 1963 2780 adiungere
1993 2705 2233 2779 gentes

555 2800 918 2878 Dardanio,
952 2810 1021 2866 et
1051 2800 1184 2867 late
1220 2800 1417 2865 Latio
1446 2800 1944 2866 increbrescere
1976 2821 2242 2866 nomen.

375 2926 440 2984 ις
552 2904 734 2990 Quid
765 2914 980 2970 struat
1008 2904 1115 2970 his
1144 2904 1421 2990 coeptiS‚
1457 2925 1676 2989 quem,
1701 2904 1757 2968 si
1793 2905 2092 2969 Fortuna
2122 2915 2459 2989 sequatur,

554 3008 892 3074 Eventum
923 3029 1196 3094 pugnae
1227 3010 1474 3093 cupiat,
1511 3008 1934 3074 manifestius
1964 3009 2112 3092 ipsi,

554 3111 778 3197 Quam
806 3113 1041 3178 Turno
1070 3113 1234 3197 regi,
1268 3124 1386 3179 aut
1414 3112 1557 3197 regi
1591 3132 1917 3197 apparere
1953 3112 2213 3177 Latino.

639 3217 832 3282 Talia
863 3238 984 3302 per
1017 3217 1307 3284 Latium.
1401 3216 1599 3302 Quae
1630 3216 2154 3282 Laomedontius
2179 3217 2379 3282 heros

553 3319 817 3386 Cuncta
845 3321 1082 3387 videns
1114 3343 1363 3406 magno
1393 3342 1703 3387 curarum
1736 3321 2016 3386 fluctuat
2037 3331 2267 3400 aestu;

372 3453 443 3491 ιο
550 3426 780 3510 Atque
810 3427 1105 3490 animum
1138 3447 1316 3491 nunc
1348 3426 1482 3490 huc
1514 3426 1820 3504 celerem,
1855 3446 2036 3489 nunc
2068 3425 2302 3489 dividit
2330 3426 2506 3504 illuc,

556 3529 636 3593 In
670 3539 1025 3613 partesque
1057 3530 1234 3613 rapit
1261 3531 1480 3594 varias
1513 3549 1766 3614 perque
1789 3529 2017 3593 omnia
2044 3539 2305 3594 versat:

554 3632 741 3698 Sicut
771 3653 983 3717 aquae
1012 3634 1367 3698 tremulum
1393 3633 1597 3697 labris
1631 3632 1744 3697 ubi
1777 3633 2002 3697 lumen
2038 3634 2224 3696 ae'nis

556 3736 711 3802 Sole
740 3757 1226 3821 repercussum,
1262 3747 1378 3801 aut
1410 3737 1732 3801 radiantis
1765 3736 2056 3819 imagine
2093 3736 2349 3813 Lunae,

1444 3859 1542 3913 207
