3015 4288
351 716 412 772 25

1140 298 1372 355 LIBER
1423 299 1765 356 TERTms
1800 344 1806 349 .
2471 293 2550 359 δι

519 481 829 566 virgulta
860 493 928 546 et
959 481 1183 545 densis
1216 480 1567 543 hastilibus
1599 481 1870 543 horrida
1901 490 2173 566 myrtus,

520 586 818 663 Accessi,
854 586 1263 668 viridemque
1296 585 1381 647 ab
1415 586 1617 647 humo
1652 584 2027 647 convellere
2060 586 2293 648 silvam

517 693 834 767 Conatus,
868 689 1070 753 ramis
1101 698 1399 771 tegerem
1435 699 1509 752 ut
1539 690 2010 753 frondentibus
2042 710 2212 766 araS,

522 795 953 858 Horrendum
985 804 1054 857 et
1083 794 1265 856 dictu
1295 793 1491 857 video
1526 793 1825 856 mirabile
1856 803 2247 857 monstrum.

401 914 407 923 ·
521 899 717 975 Nam,
753 918 926 982 quae
958 897 1174 981 prima
1205 897 1346 976 solo
1376 896 1594 979 ruptis
1626 896 1959 960 radicibus
1990 897 2187 961 arbos

286 1178 412 1288 .30

348 1751 409 1807 ³5

346 2272 411 2321 40

345 2789 408 2843 45

345 3310 408 3364 50

343 3829 408 3885 55

519 1003 819 1078 Vellitur,
853 1003 1007 1065 huic
1038 1011 1184 1064 atro
1218 1001 1560 1083 liquuntur
1592 1002 1921 1082 sanguine
1952 1011 2183 1083 guttae

522 1107 612 1181 Et
637 1115 885 1169 terram
917 1105 1075 1168 tabo
1108 1105 1464 1167 maculant.
1564 1104 1737 1167 Mihi
1769 1105 2052 1186 frigidus
2082 1106 2316 1169 horror

519 1210 828 1275 Membra
857 1211 1090 1293 quatit,
1127 1209 1522 1290 gelidusque
1557 1208 1689 1271 coit
1720 1208 2075 1272 formidine
2108 1210 2401 1290 sanguis,

522 1314 782 1377 Rursus
811 1322 883 1377 et
910 1312 1183 1376 alterius
1218 1312 1470 1375 lentum
1504 1312 1878 1375 convellere
1909 1312 2131 1376 vimen

521 1416 848 1500 Insequor
875 1424 945 1480 et
973 1434 1211 1480 causas
1243 1414 1512 1497 penitus
1546 1424 1875 1497 temptare
1907 1415 2189 1478 latentes

518 1520 690 1584 Ater
719 1529 788 1584 et
817 1519 1090 1583 alterius
1122 1518 1420 1601 sequitur
1450 1519 1536 1581 de
1569 1519 1812 1582 cortice
1845 1520 2135 1600 sanguis

610 1624 826 1688 Multa
858 1643 1135 1686 movens
1169 1622 1393 1685 animo
1428 1623 1787 1706 Nymphas
1819 1622 2188 1686 venerabar
2220 1634 2520 1704 agrestes

473 1695 477 1702 ¹
518 1727 1014 1810 Gradivumque
1047 1736 1328 1808 patrem,
1367 1725 1617 1790 Geticis
1650 1726 1765 1808 qui
1797 1726 2131 1810 praesidet
2164 1727 2356 1812 arvis,

526 1831 677 1895 Rite
709 1831 1154 1894 secundarent
1183 1832 1366 1892 visus
1399 1850 1731 1912 omenque
1764 1831 2076 1894 levarent.

519 1935 746 1999 Tertia
778 1935 895 1999 sed
928 1944 1283 2018 postquam
1317 1935 1567 1996 maiore
1600 1933 1865 1997 hastilia
1895 1934 2045 1997 nisu

519 2039 903 2122 Aggredior
933 2038 1350 2120 genibusque
1382 2038 1705 2101 adversae
1737 2038 2041 2101 obluctor
2071 2039 2471 2103 harenae——

524 2142 835 2226 Eloquar,
870 2163 958 2206 an
989 2141 1220 2206 sileam
1244 2141 1376 2204 ?—
1393 2143 1684 2223 gemitus
1716 2141 2139 2205 lacrimabilis
2169 2142 2302 2206 imo

516 2247 811 2310 Auditur
836 2246 1113 2322 tumu10,
1148 2256 1217 2309 et
1244 2267 1373 2309 vox
1407 2244 1665 2309 reddita
1696 2245 1909 2309 fertur
1939 2246 2024 2309 ad
2056 2267 2282 2311 aures:
2355 2309 2362 2313 ,

523 2355 563 2383 “
584 2350 762 2433 Quid
794 2350 1129 2426 miserum,
1165 2349 1424 2425 Aenea,
1462 2349 1761 2412 laceras?
1810 2349 1942 2412 iarn
1977 2371 2177 2432 parce
2209 2351 2508 2435 sepulto;
2568 2386 2576 2392 -

521 2455 726 2518 Parce
757 2454 905 2537 pias
936 2454 1263 2517 scelerare
1295 2473 1552 2516 manus.
1652 2455 1807 2516 Non
1841 2474 1947 2517 me
1978 2455 2098 2517 tibi
2128 2455 2329 2517 Troia

524 2558 889 2621 Externum
922 2556 1089 2634 tulit,
1126 2566 1240 2619 aut
1272 2577 1466 2619 cruor
1499 2557 1609 2620 hic
1641 2557 1727 2620 de
1759 2557 1983 2640 stipite
2014 2567 2258 2621 manat.

523 2661 718 2725 Heu!
766 2661 930 2743 fuge
961 2660 1267 2724 crudeles
1300 2670 1531 2737 terraS,
1569 2661 1733 2742 fuge
1766 2660 1921 2724 litus
1952 2681 2243 2725 avarum.

519 2766 694 2829 Nam
729 2766 1097 2850 Polydorus
1127 2785 1275 2847 ego.
1373 2765 1507 2828 Hic
1542 2764 1874 2827 confixum
1908 2765 2126 2827 ferrea
2157 2765 2321 2829 texit

516 2868 831 2933 Telorum
865 2888 1060 2950 seges
1091 2877 1162 2932 et
1190 2868 1421 2932 iaculis
1454 2867 1734 2931 increvit
1766 2866 2040 2932 acutis.'’

604 2972 781 3037 Tum
809 2993 969 3037 vero
1000 2972 1276 3055 ancipiti
1307 2960 1599 3036 mentem
1635 2971 1991 3036 formidine
2024 2994 2296 3055 pressus
2349 3035 2354 3038 .

522 3074 853 3159 Obstipui,
889 3085 1349 3159 steteruntque
1380 3095 1613 3140 comae
1645 3084 1714 3139 et
1742 3096 1872 3138 vox
1901 3075 2209 3140 faucibus
2240 3078 2469 3143 haesit.

524 3180 726 3244 Hunc
767 3180 1166 3265 Polydorum
1207 3180 1350 3244 auri
1387 3180 1726 3263 quondam
1777 3200 1927 3242 cum
1967 3180 2263 3262 pondere
2306 3202 2553 3264 magno

475 3360 478 3364 .
519 3284 764 3348 Infelix
796 3284 1098 3347 Priamus
1130 3284 1357 3347 furtim
1391 3285 1744 3347 mandarat
1777 3283 2087 3347 alendum

458 3399 466 3406 ‘
519 3388 826 3453 Threicio
856 3390 1019 3470 regi,
1054 3409 1205 3452 cum
1238 3388 1369 3451 iarn
1402 3388 1731 3451 diffideret
1762 3388 1963 3451 armis

525 3491 904 3557 Dardaniae
928 3492 1240 3574 cingique
1272 3492 1505 3555 urbem
1539 3492 1883 3555 obsidione
1913 3491 2185 3556 videret.

525 3595 664 3672 Ille,
699 3606 773 3661 ut
803 3617 968 3678 opes
1000 3596 1252 3659 fractae
1285 3596 1641 3672 Teucrum,
1675 3604 1745 3659 et
1776 3596 2076 3666 Fortuna
2107 3597 2399 3673 recessit,

528 3700 663 3762 Res
696 3700 1272 3781 Agamemnonias
1304 3699 1732 3780 victriciaque
1764 3719 1950 3761 arma
1982 3710 2265 3776 secutu8‚
2337 3706 2352 3762 ἰ

523 3803 655 3866 Fas
687 3823 883 3866 omne
915 3803 1287 3885 abrumpit;
1340 3802 1739 3887 Polydorum
1772 3802 2141 3879 obtruncat,
2177 3814 2245 3867 et
2275 3811 2438 3869 auro

699 3915 932 3963 Famzss’s
952 3925 1159 3962 AENEID
1173 3941 1241 3949 —
1254 3914 1287 3964 6
