3015 4288
366 569 471 632 480

371 1620 472 1667 490

371 2138 470 2194 495

376 2658 473 2713 500

382 3178 470 3233 505

385 3691 478 3748 5¹0

1201 269 1431 325 unx-:R
1483 269 1748 325 nouus
2450 277 2572 346 245

550 452 770 519 Prima
802 449 987 538 petit,
1021 471 1156 517 non
1186 450 1301 516 illa
1331 449 1567 528 virum,
1600 470 1737 516 non
1767 450 1880 516 illa
1914 450 2143 536 pericli

547 558 1000 641 Telorumque
1033 576 1323 634 memor;
1371 553 1628 619 caelum
1660 555 1902 620 dehinc
1935 555 2278 639 questibus
2307 552 2575 640 implet:

637 666 674 695 ‘⁸
697 661 904 725 Hunc
935 680 1067 743 ego
1090 670 1176 737 te,
1215 657 1526 745 Euryale,
1565 659 1862 743 aspicio?
1911 667 2072 723 tune
2103 660 2212 723 ille
2244 670 2555 724 senectae

548 766 716 832 Sera
746 784 937 830 meae
968 763 1251 848 requies,
1287 762 1563 847 potuisti
1596 761 1893 847 linquere
1925 765 2156 840 solam,

548 869 901 936 Crudelis?
946 888 1070 933 nec
1101 877 1189 946 te,
1224 867 1349 931 sub
1381 876 1572 931 tanta
1606 867 1902 950 pericula
1932 870 2229 939 missum,

545 974 791 1038 Adfari
821 983 1190 1037 extremum
1221 970 1507 1036 miserae
1538 971 1696 1036 data
1724 973 1920 1056 copia
1948 971 2184 1037 matri?

548 1078 727 1155 Heu,
761 1088 941 1142 terra
971 1078 1203 1159 ignota
1234 1076 1516 1141 canibus
1546 1076 1703 1140 data
1735 1076 1985 1159 praeda
2018 1076 2277 1141 Latinis

546 1182 973 1267 Alitibusque
1004 1182 1220 1247 iaces!
1267 1202 1393 1246 nec
1426 1191 1513 1259 te,
1549 1189 1667 1245 tua
1696 1180 1938 1245 funera
1970 1190 2181 1245 mater

549 1286 854 1363 Produxi,
888 1286 1186 1370 pressive
1215 1286 1464 1362 oculoS,
1498 1293 1616 1349 aut
1645 1283 1923 1350 vulnera
1953 1285 2099 1361 lavi,

544 1390 753 1455 Veste
784 1400 1040 1473 tegenS‚
1075 1389 1195 1454 tibi
1226 1409 1429 1473 quarn
1459 1399 1696 1453 noctes
1727 1388 1974 1452 festina
2004 1388 2281 1472 diesque

548 1494 895 1577 Urgebam
927 1504 996 1559 et
1024 1494 1159 1558 tela
1189 1514 1384 1558 curas
1415 1493 1680 1558 solabar
1710 1491 1938 1561 aniles.

548 1596 703 1681 Quo
733 1599 1020 1681 sequar?
1065 1607 1182 1662 aut
1212 1617 1385 1680 quae
1415 1618 1597 1662 nunc
1629 1606 1813 1662 artus
1843 1595 2206 1680 avulsaque
2236 1595 2538 1662 membra

551 1702 640 1766 Et
671 1702 877 1766 funus
911 1702 1204 1766 lacerum
1235 1703 1434 1767 tellus
1467 1700 1715 1766 habet?
1805 1700 1961 1765 Hoc
1994 1700 2157 1764 mihi
2186 1701 2271 1765 de
2298 1710 2387 1779 te,

548 1806 745 1882 Nate,
778 1806 1037 1870 refers?
1084 1808 1210 1871 hoc
1244 1827 1392 1870 sum
1423 1815 1735 1889 terraque
1767 1807 2066 1889 marique
2097 1804 2372 1870 secuta?

548 1909 769 1992 Figite
800 1929 926 1987 me,
962 1911 1020 1974 si
1048 1930 1182 1995 qua
1213 1920 1316 1975 est
1348 1911 1582 1994 pietas,
1616 1909 1687 1973 in
1717 1929 1825 1973 me
1855 1909 2080 1973 omnia
2107 1907 2243 1974 tela

549 2012 867 2090 Conicite,
901 2033 942 2077 o
976 2013 1225 2090 Rutuli,
1258 2034 1368 2078 me
1400 2015 1684 2097 primam
1716 2013 2045 2078 absumite
2076 2012 2298 2092 ferr03

550 2117 694 2182 Aut
725 2126 818 2195 tu,
851 2137 1095 2200 magne
1128 2127 1321 2203 pater
1350 2118 1599 2195 divum,
1633 2119 1965 2195 miserere,
2000 2127 2248 2202 tuoque

550 2221 849 2286 Invisum
883 2223 1010 2287 hoc
1043 2222 1323 2287 detrude
1354 2232 1561 2306 caput
1591 2222 1715 2287 sub
1747 2223 2031 2287 Tartara
2058 2222 2212 2300 telo,

547 2325 839 2410 Quando
870 2326 1062 2390 aliter
1090 2346 1353 2410 nequeo
1383 2327 1725 2391 crudelem
1756 2325 2152 2409 abrumpere
2181 2325 2449 2390 vitam.’⁵

636 2429 790 2494 Hoc
822 2429 983 2494 fletu
1013 2432 1321 2495 concussi
1354 2429 1578 2507 animi,
1614 2439 2043 2514 maestusque
2076 2450 2195 2513 per
2225 2448 2462 2493 omnes

550 2533 616 2598 It
644 2533 972 2616 gemitus;
1019 2543 1290 2616 torpent
1320 2533 1648 2622 infractae
1679 2534 1767 2597 ad
1799 2534 2052 2618 proelia
2078 2533 2272 2597 vires.

551 2637 747 2700 Illam
779 2637 1250 2702 incendentem
1283 2637 1501 2702 luctus
1535 2638 1783 2702 Idaeus
1814 2647 1881 2702 et
1912 2638 2125 2702 Actor

550 2740 790 2806 Ilionei
817 2741 1074 2806 monitu
1106 2751 1173 2806 et
1208 2741 1488 2806 multum
1524 2741 1932 2806 lacrimantis
1967 2741 2098 2805 Iuli

548 2844 950 2929 Corripiunt,
985 2845 1289 2928 interque
1325 2866 1564 2911 manus
1598 2846 1723 2910 sub
1752 2855 1932 2910 tecta
1962 2853 2316 2928 reponunt.

634 2950 733 3015 At
760 2949 924 3013 tuba
952 2949 1315 3014 terribilem
1351 2952 1641 3015 sonitum
1677 2950 1911 3035 procul
1941 2968 2094 3014 aere
2126 2968 2372 3013 canoro

552 3054 932 3136 Increpuit;
981 3052 1281 3137 sequitur
1312 3054 1582 3131 clamor,
1618 3054 2010 3138 caelumque
2041 3051 2346 3135 remugit.

547 3157 955 3222 Accelerant
983 3167 1134 3222 acta
1165 3158 1416 3242 pariter
1447 3157 1786 3223 testudine
1816 3156 2067 3234 Volsci,

551 3262 640 3326 Et
670 3260 890 3325 fossas
920 3260 1199 3344 implere
1232 3270 1473 3346 parant
1502 3283 1584 3327 ac
1614 3262 1862 3326 vellere
1890 3261 2158 3325 vallum.

548 3361 905 3446 Quaerunt
931 3382 1087 3444 pars
1118 3362 1390 3437 aditum,
1423 3372 1492 3427 et
1524 3362 1720 3427 scalis
1752 3361 2112 3427 ascendere
2144 3379 2389 3437 muros,

550 3465 706 3550 Qua
735 3484 888 3530 rara
917 3476 1023 3530 est
1053 3465 1230 3530 acies
1264 3465 1749 3549 interlucetque
1780 3486 2026 3530 corona

550 3570 707 3633 Non
739 3579 877 3634 tam
912 3569 1130 3651 spissa
1160 3569 1334 3633 viris.
1431 3569 1745 3633 Telorum
1787 3569 2135 3635 effundere
2175 3576 2411 3634 contra

552 3672 774 3738 Omne
806 3693 1021 3755 genus
1052 3672 1296 3738 Teucri
1329 3693 1406 3737 ac
1438 3672 1621 3736 duris
1655 3672 2007 3737 detrudere
2037 3674 2271 3745 contis,

552 3775 839 3843 Adsueti
872 3775 1074 3860 longo
1106 3795 1331 3839 muros
1362 3774 1731 3839 defendere
1764 3775 1955 3840 bello,
