3015 4288
1153 259 1382 314 LIBER
1435 259 1954 315 Duonsscmus
2537 266 2668 336 317

449 467 550 506 120
628 442 851 509 Velati
880 440 1055 519 limo,
1092 450 1160 506 et
1189 440 1483 505 verbena
1512 450 1818 524 tempora
1848 437 2072 506 vincti.

629 546 934 613 Procedit
962 545 1138 629 legio
1166 544 1619 621 Ausonidum,
1654 544 1993 629 pilataque
2026 542 2243 628 plenis

626 652 925 735 Agmina
955 669 1029 714 se
1061 649 1356 714 fundunt
1386 648 1614 732 portis.
1711 648 1894 713 Hinc
1925 649 2169 714 Trorus
2199 648 2416 714 omnis

625 754 1151 844 Tyrrhenusque
1180 755 1313 818 ruit
1341 752 1541 817 variis
1570 752 1899 817 exercitus
1928 752 2150 832 armis»,

630 860 836 926 Haud
867 878 1061 924 secus
1091 858 1397 923 instructi
1430 858 1629 935 ferro,
1663 878 1864 941 quam
1896 859 1953 922 si
1984 878 2226 942 aspera
2259 856 2498 922 Martis

445 988 546 1045 ης
630 967 865 1048 Pugna
893 972 1105 1029 vocet.
1202 963 1347 1027 Nec
1381 982 1519 1026 non
1553 961 1788 1026 mediis
1820 961 1887 1024 in
1921 962 2186 1026 milibus
2215 960 2347 1046 ipsi

632 1070 961 1135 Ductores
992 1087 1155 1132 auro
1185 1065 1469 1131 volitant
1498 1075 1814 1150 ostroque
1846 1065 2134 1149 superbi,

631 1174 721 1239 Et
749 1192 966 1257 genus
995 1171 1318 1237 Assaraci
1352 1171 1770 1247 MnestheuS,
1803 1180 1872 1235 et
1903 1171 2095 1234 fortis
2126 1168 2375 1247 Asilas,

632 1278 721 1343 Et
753 1278 1111 1359 Messapus
1143 1295 1388 1359 equum
1421 1274 1726 1352 domitor,
1764 1274 2110 1357 Neptunia
2139 1273 2383 1358 proles·

630 1382 861 1466 thue
893 1380 1052 1445 dato
1084 1380 1279 1462 signo
1311 1378 1533 1463 spatia
1561 1378 1631 1442 in
1663 1399 1786 1442 sua
1816 1378 2098 1462 quisque
2130 1377 2424 1456 recessit,

447 1510 555 1563 130
636 1485 957 1569 Defigunt
986 1484 1224 1548 tellure
1255 1485 1484 1547 hastas
1515 1492 1584 1547 et
1615 1494 1803 1546 scuta
1836 1483 2177 1548 reclinant.

630 1590 805 1654 Tum
836 1589 1056 1653 studio
1086 1588 1348 1652 effusae
1379 1597 1628 1652 matres
1656 1596 1727 1651 et
1754 1588 1998 1670 vulgus
2026 1587 2356 1651 inermum

633 1691 1051 1776 Invalidique
1082 1712 1279 1756 senes
1309 1702 1530 1756 turres
1560 1701 1629 1756 et
1658 1701 1836 1756 tecta
1866 1691 2216 1756 domorum

630 1797 998 1874 obsedere,
1030 1795 1141 1861 alii
1172 1796 1385 1880 portis
1415 1795 1808 1860 sublimibus
1838 1793 2125 1859 adstant.

716 1901 816 1967 At
849 1901 1023 1966 Iuno
1052 1921 1091 1966 e
1123 1920 1403 1975 summo,
1438 1898 1556 1983 qui
1583 1920 1763 1963 nunc
1795 1898 2106 1963 Albanus
2138 1898 2440 1976 habetur,
2459 1935 2550 1948 —

447 2032 471 2069 ι
479 2028 550 2084 35
633 2006 809 2071 Tum
842 2025 1060 2088 neque
1090 2024 1337 2068 nornen
1369 2012 1515 2067 erat
1544 2023 1670 2068 nec
1703 2004 1917 2067 honos
1953 2012 2069 2067 aut
2103 2001 2316 2085 gloria
2352 2001 2561 2065 monti
2581 2038 2621 2050 -

633 2108 1053 2194 Prospiciens
1084 2107 1341 2174 tumulo
1372 2127 1687 2191 campum
1720 2106 2113 2193 aspectabat
2141 2115 2212 2172 et
2241 2105 2475 2172 ambas

634 2214 1049 2278 Laurentum
1080 2214 1466 2295 Troumque
1496 2213 1676 2277 acies
1707 2213 2073 2295 urbemque
2107 2210 2349 2276 Latini.

635 2318 992 2401 Extemplo
1023 2315 1238 2381 Turni
1270 2315 1363 2380 sic
1396 2325 1501 2380 est
1532 2317 1765 2380 adfata
1796 2336 2111 2392 sororem,

638 2422 813 2486 Diva
842 2422 1059 2496 deam,
1094 2422 1351 2503 stagnis
1383 2440 1557 2504 quae
1588 2419 2103 2504 fluminibusque
2134 2418 2397 2484 sonoris

453 2552 559 2601 140
638 2523 994 2602 Praesidet,
1021 2560 1105 2572 —
1129 2524 1308 2587 hunc
1340 2523 1435 2587 illi
1466 2544 1583 2587 rex
1612 2523 1900 2588 aetheris
1931 2523 2106 2587 altus
2137 2524 2460 2587 honorem

640 2628 944 2712 Iuppiter
973 2637 1208 2711 erepta
1240 2648 1362 2710 pro
1392 2627 1774 2709 virginitate
1806 2626 2237 2692 sacravit—2

724 2737 762 2766 ‘⁸
784 2732 1124 2818 Nympha,
1147 2731 1352 2796 decus
1375 2730 1745 2808 fluviorum,
1772 2732 1994 2795 animo
2016 2730 2395 2814 gratissima
2424 2740 2661 2803 nostr0.

638 2837 803 2914 Scis,
835 2846 910 2901 ut
939 2846 1007 2901 te
1039 2835 1299 2900 cunctis
1329 2855 1556 2911 unam,
1592 2855 2053 2920 quaecumque
2088 2834 2370 2899 Latinae

641 2939 1060 3023 Magnanimi
1093 2940 1274 3004 Iovis
1304 2938 1644 3022 ingratum
1675 2938 2039 3003 ascendere
2071 2938 2305 3016 cubile,

456 3067 556 3123 ¹45
643 3042 1093 3121 Praetulerim,
1127 3042 1427 3127 caelique
1462 3042 1677 3107 libens
1707 3042 1774 3106 in
1808 3053 1999 3126 parte
2031 3042 2341 3107 locatim:

645 3148 845 3213 Disce
875 3159 1085 3225 tuum,
1119 3168 1207 3213 ne
1237 3168 1346 3212 me
1374 3149 1664 3224 incuseS,
1699 3149 1997 3224 Iuturna,
2031 3147 2346 3211 dolorem.

641 3251 794 3334 Qua
823 3251 969 3316 visa
999 3261 1104 3316 est
1140 3253 1439 3317 Fortuna
1470 3254 1631 3336 pati,
1668 3253 2047 3335 Parcaeque
2081 3251 2388 3316 sinebant

644 3355 898 3421 Cedere
930 3377 1038 3421 res
1073 3356 1291 3433 Latio,
1323 3357 1627 3420 Turnum
1659 3366 1730 3420 et
1758 3366 1873 3421 tua
1905 3356 2167 3420 moenia
2197 3355 2366 3430 texi;

645 3460 844 3525 Nunc
877 3461 1186 3525 iuvenem
1221 3461 1587 3543 imparibus
1618 3461 1812 3525 video
1842 3480 2234 3525 concurrere
2267 3459 2442 3535 fatis,

464 3587 568 3643 ¹50
648 3566 1134 3649 Parcarumque
1166 3565 1309 3629 dies
1339 3574 1407 3628 et
1435 3567 1537 3629 vis
1569 3564 1836 3628 inimica
1868 3564 2290 3648 propinquat.

648 3669 801 3733 Non
827 3690 1125 3754 pugnam
1150 3671 1447 3752 aspicere
1474 3670 1650 3732 hanc
1673 3670 1899 3745 ocuIiS,
1928 3690 2062 3734 non
2085 3670 2358 3733 foedera
2383 3683 2668 3749 possum.

646 3773 750 3838 Tu
779 3795 903 3860 pro
931 3793 1255 3864 germano
1287 3774 1343 3835 si
1374 3773 1536 3855 quid
1567 3772 1984 3854 praesentius
2016 3773 2241 3849 audes
