3015 4288
363 786 460 837 050

364 1305 462 1359 455

365 2846 472 2915 470'

365 3389 463 3441 475

1149 257 1380 317 mmm
1421 218 1801 332 QUARTus
2461 255 2495 326 ‘i
2514 273 2589 345 17

552 441 758 509 Haud.
791 463 985 509 secus
1016 442 1312 508 adsiduis
1346 441 1503 506 hinc
1535 452 1737 527 atque
1767 445 1923 508 hinc
1956 442 2231 509 vocibus
2264 447 2461 512 heros

546 550 894 625 Tunditur,
928 557 996 613 et
1027 568 1273 630 magno
1307 548 1634 630 persentit
1666 558 1935 631 pectore
1967 568 2198 627 curas;

550 655 746 717 Mens
776 654 1054 717 immota
1085 660 1328 728 manet,
1364 652 1678 716 lacrimae
1709 653 2068 717 volvuntur
2098 653 2350 720 inanes.

633 758 808 821 Tum
839 778 999 822 vero
1030 756 1262 820 infelix
1293 758 1453 820 fatis
1483 756 1800 820 exterrita
1832 758 2011 822 Dido

550 863 838 926 Mortem
870 871 1017 925 orat
1034 882 1051 939 ;
1098 862 1327 925 taedet
1355 860 1524 925 caeli
1553 882 1852 926 convexa
1882 863 2072 927 tueri.

548 965 704 1049 Quo
736 966 949 1049 magis
981 965 1323 1049 inceptum
1356 976 1638 1050 peragat
1669 966 2021 1051 lucemque
2052 964 2402 1053 relinquat,

546 1071 749 1147 Vidit,
782 1070 1154 1134 turicremis
1186 1091 1340 1134 cum
1371 1070 1551 1134 dona
1583 1070 1955 1154 imponeret
1985 1073 2223 1135 aris—-

549 1174 976 1238 Horrendum
1010 1174 1191 1239 dictu
1215 1174 1590 1239 l—latices
1619 1177 2000 1258 nigrescere
2031 1197 2255 1241 sacros
2356 1170 2361 1174 ’

550 1278 864 1361 Fusaque
896 1278 964 1342 in
997 1279 1364 1343 obscenum
1396 1299 1469 1343 se
1498 1289 1760 1343 vertere
1790 1279 1948 1344 vina
1978 1301 2303 1344 cruorem.

553 1384 705 1447 Hoc
736 1383 953 1447 visum
985 1383 1167 1460 nulli,
1202 1405 1338 1447 non
1370 1385 1500 1467 ipsi
1532 1383 1744 1447 effata
1774 1384 2000 1448 sorori.

550 1487 902 1550 Praeterea
932 1487 1060 1550 fuit
1090 1486 1158 1550 in
1189 1487 1384 1551 tectis
1414 1487 1501 1551 de
1532 1508 1862 1552 marmore
1892 1488 2218 1572 templum

547 1590 868 1672 Coniugis
898 1592 1171 1674 antiqui,
1206 1593 1375 1655 miro
1406 1591 1588 1674 quod
1619 1592 1874 1656 honore
1905 1593 2186 1669 colebat,

546 1694 922 1759 Velleribus
954 1695 1166 1759 niveis
1196 1705 1265 1759 et
1295 1696 1473 1759 festa
1503 1697 1745 1759 fronde
1776 1696 2185 1761 revinctum:

551 1799 731 1863 Hinc
763 1799 1060 1864 exaudiri
1090 1820 1292 1863 voces
1322 1809 1393 1863 et
1420 1799 1627 1863 verba
1653 1799 1957 1864 vocantis

545 1902 710 1967 Visa
739 1903 881 1980 viri,
916 1924 1046 1967 nox
1077 1923 1229 1967 cum
1261 1912 1474 1967 terras
1504 1903 1792 1968 obscura
1821 1912 2116 1983 teneret;

549 2006 839 2090 Solaque
870 2006 1271 2071 culminibus
1303 2007 1499 2070 ferali
1528 2007 1832 2071 carmine
1852 2007 2031 2071 bubo

550 2110 769 2194 Saepe
800 2112 989 2195 queri
1020 2120 1089 2174 et
1118 2111 1357 2194 longas
1388 2110 1458 2174 in
1490 2106 1733 2175 fletum'
1752 2111 1998 2177 ducere
2027 2132 2265 2191 voces;

551 2216 901 2298 Multaque
936 2225 1285 2297 praeterea
1315 2224 1545 2278 vatum
1578 2216 1920 2298 praedicta
1954 2218 2233 2299 piorum¹

546 2319 856 2387 Terribili
887 2319 1143 2383 monitu
1173 2319 1579 2382 horrificant.
1675 2319 1849 2401 Agit
1875 2319 2019 2402 ipse
2052 2321 2389 2384 furentem

551 2424 633 2485 In
667 2422 917 2487 somnis
949 2424 1135 2486 ferus
1163 2424 1480 2499 Aeneas;
1530 2443 1930 2506 semperque
1960 2423 2246 2506 relinqui

550 2526 709 2592 Sola
740 2526 883 2603 sibi,
917 2546 1184 2609 semper
1214 2527 1487 2608 longam
1518 2527 1904 2589 incomitata
1933 2526 2194 2590 videtur

551 2631 660 2694 Ire
690 2632 865 2694 viam
899 2640 967 2694 et
997 2631 1239 2715 Tyrios
1268 2630 1536 2693 deserta
1565 2650 1887 2713 quaerere
1917 2638 2110 2693 terra.

549 2734 1000 2800 Eumenidum
1030 2734 1238 2798 veluti
1267 2735 1545 2798 demens
1575 2734 1757 2797 videt
1787 2735 2057 2815 agmina
2090 2734 2446 2812 PentheuS,

551 2838 641 2902 Et
672 2838 877 2902 solem
910 2837 1253 2920 geminum
1284 2847 1354 2902 et
1382 2838 1685 2921 duplices
1720 2858 1791 2901 se
1824 2838 2176 2901 ostendere
2209 2838 2481 2902 Thebas
2500 2887 2516 2917 ,

551 2942 696 3005 Aut
726 2942 1307 3024 Agamemnonius
1339 2941 1602 3005 scaenis
1633 2943 1924 3024 agitatus
1958 2942 2236 3007 Orestes

550 3047 903 3110 Armatam
936 3045 1194 3110 facibus
1227 3056 1506 3110 matrem
1541 3055 1609 3109 et
1639 3044 2062 3129 serpentibus
2094 3047 2253 3109 atris

550 3150 720 3216 Cum
756 3151 950 3234 fugit,
986 3150 1386 3234 ultricesque
1420 3150 1656 3214 sedent
1687 3151 1754 3213 in
1788 3150 2012 3213 limine
2046 3151 2270 3213 Dirae.

643 3255 826 3337 Ergo
857 3255 973 3318 ubi
1003 3257 1313 3338 concepit
1343 3254 1554 3318 furias
1585 3256 1805 3319 evicta
1833 3254 2062 3318 dolore

555 3360 1005 3443 Decrevitque
1037 3359 1220 3436 mori,
1256 3368 1525 3441 tempus
1558 3379 1784 3422 secum
1816 3357 1963 3440 ipsa
1997 3359 2400 3442 modumque

555 3464 800 3546 Exigit,
835 3475 927 3551 et2
956 3474 1284 3528 maestam
1315 3463 1506 3527 dictis
1540 3482 1864 3545 aggressa
1897 3483 2208 3540 sororem,

554 3569 923 3634 Consilium
953 3569 1141 3633 vultu
1172 3569 1359 3651 tegit,
1393 3588 1471 3631 ac
1505 3587 1695 3650 spem
1728 3566 1950 3630 fronte
1983 3576 2283 3631 serenat:

647 3678 684 3706 “
706 3673 961 3748 Inveni,
996 3692 1335 3754 germana,
1368 3671 1567 3747 viam,
1587 3679 1955 3752 —gratare
1989 3672 2305 3735 sorori—

558 3776 753 3861 Quae
786 3776 948 3840 mihi
977 3776 1216 3839 reddat
1247 3795 1418 3852 eum,
1453 3775 1563 3839 vel
1593 3795 1672 3839 eo
1705 3794 1811 3838 me
1844 3774 2056 3837 solvat
2089 3783 2443 3841 amantem.
