3015 4288
443 225 560 294 19²

439 733 531 785 350

430 1251 523 1306 355

427 2278 522 2344 3⁶5

428 2808 527 2863 370

430 3329 525 3384 3⁷5

1148 216 1466 273 VERGILI
1521 217 1920 273 A‘ENEIDOS

609 395 872 463 Conicit
903 394 1105 482 inque
1136 400 1354 462 sinum
1390 398 1778 480 praecordia
1810 398 1894 461 ad
1927 398 2162 461 intima
2195 386 2434 474 subdit,
2537 464 2541 469 ,

611 500 763 584 Quo
796 501 1158 565 furibunda
1188 503 1462 565 domurn
1495 510 1794 565 monstro
1828 503 2225 584 permisceat
2257 522 2538 566 omnem.

611 605 750 683 Ille,
784 605 955 669 inter
985 616 1208 670 vestes
1238 615 1306 669 et
1339 607 1510 669 levia
1541 617 1814 689 pectora
1846 607 2093 688 lapsuS,

606 710 911 774 Volvitur
941 719 1195 773 attactu
1227 710 1429 785 nullo,
1464 709 1772 792 fallitque
1806 711 2157 788 furentem,

607 812 963 897 Vipeream
995 814 1333 897 inspirans
1363 814 1694 892 animam;
1743 815 1818 878 fit
1847 815 2067 878 tortile
2099 815 2269 880 collo

607 917 870 981 Aurum
902 917 1142 1000 ingens
1173 918 1463 995 coluber,
1499 919 1573 982 fit
1603 918 1846 1001 longae
1880 919 2104 982 taenia
2132 920 2358 998 vittae,

609 1021 1032 1105 Innectitque
1064 1043 1309 1099 comaS,
1344 1033 1413 1088 et
1437 1023 1755 1087 membris
1790 1023 2081 1087 lubricus
2113 1033 2305 1115 errat.

604 1126 711 1190 Ac
743 1125 902 1189 dum
936 1127 1150 1210 prima
1180 1126 1324 1194 lues
1356 1128 1488 1190 udo
1522 1126 1840 1211 sublapsa
1867 1148 2130 1191 veneno

607 1229 1019 1314 Pertemptat
1050 1251 1288 1295 sensus
1320 1241 1524 1315 atque
1555 1231 1815 1294 ossibus
1852 1230 2148 1313 implicat
2178 1231 2423 1313 ignem,

607 1332 915 1397 Necdum
947 1333 1209 1398 animus
1240 1344 1381 1398 toto
1405 1333 1715 1417 'percepit
1747 1343 2017 1415 pectore
2054 1335 2411 1411 flammam,

608 1437 898 1513 Mollius,
932 1447 1002 1501 et
1032 1438 1224 1502 solito
1255 1447 1544 1501 matrum
1577 1438 1662 1501 de
1696 1458 1897 1514 more,
1936 1438 2155 1502 lo'cuta
2185 1448 2305 1514 est,

607 1540 824 1604 Multa
857 1561 1059 1624 super
1091 1551 1250 1605 nata
1279 1541 1636 1605 lacrimans
1672 1541 2111 1627 Phrygiisque
2150 1543 2569 1626 hymenaeist

653 1719 657 1725 ⁵
696 1649 733 1677 ‘⁴
755 1644 1203 1709 Exsulibusne
1236 1645 1432 1708 datur
1464 1646 1774 1709 ducenda
1809 1646 2089 1708 Lavinia
2124 1645 2423 1723 Teucris,

604 1748 667 1813 O
698 1749 1007 1831 genitor?
1054 1770 1180 1814 nec
1212 1759 1281 1814 te
1312 1750 1583 1813 miseret
1613 1760 1946 1833 nataeque
1977 1749 2252 1832 tuique?

605 1851 752 1917 Nec
785 1852 1016 1916 matris
1049 1854 1334 1930 miseret,
1371 1874 1574 1938 quarn
1609 1855 1824 1936 primo
1857 1846 2166 1936 aquilone
2200 1854 2532 1936 relinquet

606 1956 923 2032 Perfidus,
959 1957 1094 2020 alta
1126 1967 1367 2039 petens
1398 1958 1688 2022 abducta
1717 1957 1997 2039 virgine,
2034 1957 2330 2041 praedo?

612 2059 701 2123 At
732 2080 866 2123 non
899 2061 993 2124 sic
1028 2061 1357 2147 Phrygius
1390 2070 1702 2144 penetrat
1734 2061 2246 2124 Lacedaemona
2280 2071 2510 2146 pastor
2616 2120 2619 2123 ,

606 2164 1078 2249 Ledaeamque
1113 2167 1448 2229 Helenam
1481 2166 1811 2230 Troianas
1843 2168 2021 2229 vexit
2053 2166 2138 2228 ad
2174 2165 2417 2229 urbes?

603 2267 784 2351 Quid
813 2278 930 2331 tua
962 2278 1195 2333 sancta
1227 2269 1439 2333 fides?
1485 2270 1645 2352 quid
1678 2290 1838 2334 cura
1870 2270 2143 2352 antiqua
2176 2278 2439 2332 tuorum

606 2371 696 2435 Et
726 2372 1226 2454 consanguineo
1251 2375 1495 2437 totiens
1527 2373 1686 2436 data
1716 2374 1990 2436 dextera
2020 2373 2295 2435 Turno?

603 2474 676 2539 Si
706 2495 915 2558 gener
943 2486 1219 2539 externa
1250 2479 1496 2559 petitur
1527 2478 1613 2540 de
1643 2488 1847 2559 gente
1882 2476 2159 2553 Latinis,

607 2578 821 2662 quue
853 2580 1062 2658 sedet,
1099 2580 1451 2664 Faunique
1483 2588 1800 2663 premunt
1830 2588 1896 2642 te
1927 2580 2107 2643 iussa
2140 2581 2455 2661 parentis,

603 2681 895 2747 Omnem
926 2683 1238 2767 equidem
1270 2686 1553 2766 sceptris
1582 2693 1830 2747 terram
1862 2704 2034 2766 quae
2065 2683 2274 2746 libera
2303 2684 2546 2746 nostris

604 2786 920 2863 Dissidet,
956 2796 1298 2851 externam
1330 2808 1496 2864 reor,
1531 2797 1601 2852 et
1631 2787 1725 2850 sic
1759 2788 1979 2851 dicere
2011 2788 2221 2851 divos.

606 2890 695 2953 Et
725 2891 975 2967 Turn0,
1011 2893 1066 2954 si
1099 2891 1314 2976 prima
1344 2891 1587 2955 domus
1618 2900 1959 2974 repetatur
1990 2890 2196 2973 orig0,

606 2993 899 3058 Inachus
931 2995 1367 3079 Acrisiusque
1400 3006 1627 3080 patres
1660 2995 2052 3078 mediaeque
2089 2996 2483 3080 Mycenae.''

694 3097 823 3162 His
856 3098 970 3162 ubi
1000 3101 1405 3182 nequiquam
1438 3098 1634 3163 dictis
1666 3108 1939 3182 experta
1975 3100 2288 3161 Latinum

605 3203 855 3268 Contra
886 3212 1064 3268 stare
1093 3204 1294 3281 videt,
1330 3204 1730 3287 penitusque
1761 3205 1829 3266 in
1862 3203 2121 3266 viscera
2153 3203 2413 3285 lapsum

603 3307 951 3391 Serpentis
982 3309 1221 3372 furiale
1253 3309 1521 3386 malurn,
1555 3317 1897 3391 totamque
1929 3316 2242 3392 pererrat,

604 3411 779 3473 Tum
811 3432 970 3475 vero
999 3412 1251 3490 infelix,
1284 3412 1671 3495 ingentibus
1702 3413 1916 3475 excita
1947 3412 2279 3489 monstriS,

606 3521 1013 3582 Immensam
1048 3516 1191 3581 sine
1223 3538 1407 3581 more
1439 3517 1602 3581 furit
1631 3515 1982 3602 lymphata
2015 3537 2134 3600 per
2167 3517 2436 3581 urbem:

607 3620 748 3685 Ceu
779 3622 1115 3705 quondam
1146 3632 1321 3686 torto
1351 3622 1638 3685 volitans
1673 3621 1796 3685 sub
1829 3622 2103 3685 verbere
2134 3622 2346 3697 turbe,

605 3724 823 3808 Quem
857 3726 1047 3810 pueri
1079 3746 1324 3806 magno
1357 3725 1421 3787 in
1456 3746 1623 3808 gyro
1656 3745 1868 3787 vacua
1898 3725 2064 3787 atria
2097 3725 2341 3788 circum
