<?xml version="1.0" encoding="UTF-8"?>
<!DOCTYPE html PUBLIC "-//W3C//DTD XHTML 1.0 Transitional//EN"
    "http://www.w3.org/TR/xhtml1/DTD/xhtml1-transitional.dtd">
<html xmlns="http://www.w3.org/1999/xhtml" xml:lang="en" lang="en">
 <head>
  <title>
</title>
<meta http-equiv="Content-Type" content="text/html;charset=utf-8" />
  <meta name='ocr-system' content='tesseract 3.04.00' />
  <meta name='ocr-capabilities' content='ocr_page ocr_carea ocr_par ocr_line ocrx_word'/>
</head>
<body>
  <div class='ocr_page' id='page_1' title='image "./virgilsaeneidbo01denngoog_0052.png"; bbox 0 0 3015 4288; ppageno 0'>
   <div class='ocr_carea' id='block_1_1' title="bbox 454 227 544 306">
    <p class='ocr_par' dir='ltr' id='par_1_1' title="bbox 454 227 544 306">
     <span class='ocr_line' id='line_1_1' title="bbox 454 227 544 306; baseline 0 -16"><span class='ocrx_word' id='word_1_1' title='bbox 454 227 544 306; x_wconf 89' lang='lat'>46</span> 
     </span>
    </p>
   </div>
   <div class='ocr_carea' id='block_1_2' title="bbox 453 1374 550 1425">
    <p class='ocr_par' dir='ltr' id='par_1_2' title="bbox 453 1374 550 1425">
     <span class='ocr_line' id='line_1_2' title="bbox 453 1374 550 1425; baseline 0.021 -2"><span class='ocrx_word' id='word_1_2' title='bbox 453 1374 550 1425; x_wconf 81' lang='lat'>490</span> 
     </span>
    </p>
   </div>
   <div class='ocr_carea' id='block_1_3' title="bbox 454 1997 549 2050">
    <p class='ocr_par' dir='ltr' id='par_1_3' title="bbox 454 1997 549 2050">
     <span class='ocr_line' id='line_1_3' title="bbox 454 1997 549 2050; baseline 0.042 -4"><span class='ocrx_word' id='word_1_3' title='bbox 454 1997 549 2050; x_wconf 83' lang='lat'>495</span> 
     </span>
    </p>
   </div>
   <div class='ocr_carea' id='block_1_4' title="bbox 457 2515 552 2569">
    <p class='ocr_par' dir='ltr' id='par_1_4' title="bbox 457 2515 552 2569">
     <span class='ocr_line' id='line_1_4' title="bbox 457 2515 552 2569; baseline 0 -15"><span class='ocrx_word' id='word_1_4' title='bbox 457 2515 552 2569; x_wconf 78' lang='grc'>500</span> 
     </span>
    </p>
   </div>
   <div class='ocr_carea' id='block_1_5' title="bbox 1182 233 1957 287">
    <p class='ocr_par' dir='ltr' id='par_1_5' title="bbox 1182 233 1957 287">
     <span class='ocr_line' id='line_1_5' title="bbox 1182 233 1957 287; baseline 0.001 -2"><span class='ocrx_word' id='word_1_5' title='bbox 1182 233 1423 285; x_wconf 88' lang='lat' dir='ltr'>VERGI</span> <span class='ocrx_word' id='word_1_6' title='bbox 1435 234 1502 286; x_wconf 93' lang='lat' dir='ltr'>LI</span> <span class='ocrx_word' id='word_1_7' title='bbox 1557 233 1957 287; x_wconf 86' lang='lat' dir='ltr'>AENEIDOS</span> 
     </span>
    </p>
   </div>
   <div class='ocr_carea' id='block_1_6' title="bbox 630 412 2579 1741">
    <p class='ocr_par' dir='ltr' id='par_1_6' title="bbox 635 412 2279 495">
     <span class='ocr_line' id='line_1_6' title="bbox 635 412 2279 495; baseline -0.001 -18"><span class='ocrx_word' id='word_1_8' title='bbox 635 412 1041 495; x_wconf 84' lang='lat' dir='ltr'>Suppliciter</span> <span class='ocrx_word' id='word_1_9' title='bbox 1070 419 1294 477; x_wconf 89' lang='lat' dir='ltr'>tristes</span> <span class='ocrx_word' id='word_1_10' title='bbox 1325 421 1392 475; x_wconf 92' lang='lat' dir='ltr'>et</span> <span class='ocrx_word' id='word_1_11' title='bbox 1423 418 1663 475; x_wconf 71' lang='lat' dir='ltr'>tunsae</span> <span class='ocrx_word' id='word_1_12' title='bbox 1696 420 1966 493; x_wconf 84' lang='lat' dir='ltr'>pectora</span> <span class='ocrx_word' id='word_1_13' title='bbox 2000 412 2279 494; x_wconf 89' lang='lat' dir='ltr'>palmis;</span> 
     </span>
    </p>

    <p class='ocr_par' dir='ltr' id='par_1_7' title="bbox 635 515 2033 579">
     <span class='ocr_line' id='line_1_7' title="bbox 635 515 2033 579; baseline 0 0"><span class='ocrx_word' id='word_1_14' title='bbox 635 516 811 579; x_wconf 92' lang='lat' dir='ltr'>Diva</span> <span class='ocrx_word' id='word_1_15' title='bbox 843 518 985 579; x_wconf 81' lang='lat' dir='ltr'>sole</span> <span class='ocrx_word' id='word_1_16' title='bbox 1017 517 1189 579; x_wconf 81' lang='lat' dir='ltr'>fixes</span> <span class='ocrx_word' id='word_1_17' title='bbox 1222 517 1448 579; x_wconf 80' lang='lat' dir='ltr'>ocules</span> <span class='ocrx_word' id='word_1_18' title='bbox 1479 522 1716 579; x_wconf 73' lang='lat' dir='ltr'>eversa</span> <span class='ocrx_word' id='word_1_19' title='bbox 1747 515 2033 579; x_wconf 80' lang='lat' dir='ltr'>tenebat.</span> 
     </span>
    </p>

    <p class='ocr_par' dir='ltr' id='par_1_8' title="bbox 630 605 2579 1328">
     <span class='ocr_line' id='line_1_8' title="bbox 632 605 2339 701; baseline 0.002 -19"><span class='ocrx_word' id='word_1_20' title='bbox 632 620 765 683; x_wconf 90' lang='lat' dir='ltr'>Ter</span> <span class='ocrx_word' id='word_1_21' title='bbox 795 621 1042 685; x_wconf 90' lang='lat' dir='ltr'>circum</span> <span class='ocrx_word' id='word_1_22' title='bbox 1076 605 1320 684; x_wconf 67' lang='lat' dir='ltr'>iliaces</span> <span class='ocrx_word' id='word_1_23' title='bbox 1349 626 1732 701; x_wconf 77' lang='lat' dir='ltr'>raptaverat</span> <span class='ocrx_word' id='word_1_24' title='bbox 1767 618 2064 684; x_wconf 87' lang='lat' dir='ltr'>Hectora</span> <span class='ocrx_word' id='word_1_25' title='bbox 2095 627 2339 697; x_wconf 51' lang='lat' dir='ltr'>mures</span> 
     </span>
     <span class='ocr_line' id='line_1_9' title="bbox 634 723 2359 807; baseline -0.001 -20"><span class='ocrx_word' id='word_1_26' title='bbox 634 724 1168 807; x_wconf 87' lang='lat' dir='ltr'>Exanimumque</span> <span class='ocrx_word' id='word_1_27' title='bbox 1200 731 1364 786; x_wconf 80' lang='lat' dir='ltr'>aure</span> <span class='ocrx_word' id='word_1_28' title='bbox 1393 742 1639 806; x_wconf 91' lang='lat' dir='ltr'>corpus</span> <span class='ocrx_word' id='word_1_29' title='bbox 1668 723 2003 787; x_wconf 87' lang='lat' dir='ltr'>vendebat</span> <span class='ocrx_word' id='word_1_30' title='bbox 2036 724 2359 788; x_wconf 89' lang='lat' dir='ltr'>Achilles.</span> 
     </span>
     <span class='ocr_line' id='line_1_10' title="bbox 630 826 2483 911; baseline -0.001 -20"><span class='ocrx_word' id='word_1_31' title='bbox 630 829 804 891; x_wconf 93' lang='lat' dir='ltr'>Tum</span> <span class='ocrx_word' id='word_1_32' title='bbox 836 835 996 892; x_wconf 80' lang='lat' dir='ltr'>vere</span> <span class='ocrx_word' id='word_1_33' title='bbox 1026 829 1370 911; x_wconf 89' lang='lat' dir='ltr'>ingentem</span> <span class='ocrx_word' id='word_1_34' title='bbox 1404 826 1730 910; x_wconf 85' lang='lat' dir='ltr'><strong>gemitum</strong></span> <span class='ocrx_word' id='word_1_35' title='bbox 1764 827 1880 892; x_wconf 91' lang='lat' dir='ltr'>dat</span> <span class='ocrx_word' id='word_1_36' title='bbox 1913 838 2184 911; x_wconf 83' lang='lat' dir='ltr'>pectore</span> <span class='ocrx_word' id='word_1_37' title='bbox 2216 827 2301 891; x_wconf 91' lang='lat' dir='ltr'>ab</span> <span class='ocrx_word' id='word_1_38' title='bbox 2330 835 2483 903; x_wconf 82' lang='lat' dir='ltr'>ime,</span> 
     </span>
     <span class='ocr_line' id='line_1_11' title="bbox 632 932 2401 1016; baseline -0.002 -19"><span class='ocrx_word' id='word_1_39' title='bbox 632 933 730 997; x_wconf 92' lang='lat' dir='ltr'>Ut</span> <span class='ocrx_word' id='word_1_40' title='bbox 761 933 994 1015; x_wconf 89' lang='lat' dir='ltr'>spolia,</span> <span class='ocrx_word' id='word_1_41' title='bbox 1028 941 1102 997; x_wconf 91' lang='lat' dir='ltr'>ut</span> <span class='ocrx_word' id='word_1_42' title='bbox 1133 939 1385 1008; x_wconf 71' lang='lat' dir='ltr'>curriiS,</span> <span class='ocrx_word' id='word_1_43' title='bbox 1420 941 1628 1015; x_wconf 93' lang='lat' dir='ltr'>utque</span> <span class='ocrx_word' id='word_1_44' title='bbox 1662 932 1880 1016; x_wconf 91' lang='lat' dir='ltr'>ipsum</span> <span class='ocrx_word' id='word_1_45' title='bbox 1914 953 2159 1016; x_wconf 91' lang='lat' dir='ltr'>corpus</span> <span class='ocrx_word' id='word_1_46' title='bbox 2190 941 2401 1008; x_wconf 89' lang='lat' dir='ltr'>amici,</span> 
     </span>
     <span class='ocr_line' id='line_1_12' title="bbox 631 1036 2548 1120; baseline -0.001 -21"><span class='ocrx_word' id='word_1_47' title='bbox 631 1036 1184 1120; x_wconf 89' lang='lat' dir='ltr'>Tendentemque</span> <span class='ocrx_word' id='word_1_48' title='bbox 1218 1043 1458 1100; x_wconf 70' lang='lat' dir='ltr'>manus</span> <span class='ocrx_word' id='word_1_49' title='bbox 1496 1036 1830 1101; x_wconf 85' lang='lat' dir='ltr'><strong>Priamum</strong></span> <span class='ocrx_word' id='word_1_50' title='bbox 1865 1038 2215 1119; x_wconf 82' lang='lat' dir='ltr'>censpexit</span> <span class='ocrx_word' id='word_1_51' title='bbox 2243 1037 2548 1100; x_wconf 80' lang='lat' dir='ltr'>inermes,</span> 
     </span>
     <span class='ocr_line' id='line_1_13' title="bbox 633 1138 2579 1224; baseline -0.002 -19"><span class='ocrx_word' id='word_1_52' title='bbox 633 1140 722 1206; x_wconf 87' lang='lat' dir='ltr'>Se</span> <span class='ocrx_word' id='word_1_53' title='bbox 753 1160 1018 1224; x_wconf 92' lang='lat' dir='ltr'>quoque</span> <span class='ocrx_word' id='word_1_54' title='bbox 1050 1140 1463 1223; x_wconf 91' lang='lat' dir='ltr'>principibus</span> <span class='ocrx_word' id='word_1_55' title='bbox 1495 1142 1895 1223; x_wconf 87' lang='lat' dir='ltr'>permixtum</span> <span class='ocrx_word' id='word_1_56' title='bbox 1927 1140 2248 1223; x_wconf 78' lang='lat' dir='ltr'>adgnovit</span> <span class='ocrx_word' id='word_1_57' title='bbox 2279 1138 2579 1216; x_wconf 85' lang='lat' dir='ltr'>Achivis,</span> 
     </span>
     <span class='ocr_line' id='line_1_14' title="bbox 633 1229 2112 1328; baseline 0.001 -21"><span class='ocrx_word' id='word_1_58' title='bbox 633 1229 944 1328; x_wconf 72' lang='lat' dir='ltr'>Eeasque</span> <span class='ocrx_word' id='word_1_59' title='bbox 975 1245 1152 1307; x_wconf 90' lang='lat' dir='ltr'>acies</span> <span class='ocrx_word' id='word_1_60' title='bbox 1184 1254 1253 1308; x_wconf 95' lang='lat' dir='ltr'>et</span> <span class='ocrx_word' id='word_1_61' title='bbox 1284 1244 1459 1326; x_wconf 83' lang='lat' dir='ltr'>nigri</span> <span class='ocrx_word' id='word_1_62' title='bbox 1496 1245 1879 1308; x_wconf 90' lang='lat' dir='ltr'>Memnonis</span> <span class='ocrx_word' id='word_1_63' title='bbox 1911 1265 2112 1309; x_wconf 90' lang='lat' dir='ltr'>arma.</span> 
     </span>
    </p>

    <p class='ocr_par' dir='ltr' id='par_1_9' title="bbox 630 1347 2376 1741">
     <span class='ocr_line' id='line_1_15' title="bbox 635 1347 2177 1431; baseline 0.001 -20"><span class='ocrx_word' id='word_1_64' title='bbox 635 1348 840 1412; x_wconf 71' lang='lat' dir='ltr'>Ducit</span> <span class='ocrx_word' id='word_1_65' title='bbox 871 1348 1362 1412; x_wconf 72' lang='lat' dir='ltr'>Amazonidum</span> <span class='ocrx_word' id='word_1_66' title='bbox 1397 1347 1644 1412; x_wconf 72' lang='lat' dir='ltr'>lunatis</span> <span class='ocrx_word' id='word_1_67' title='bbox 1675 1350 1946 1430; x_wconf 73' lang='lat' dir='ltr'>egmina</span> <span class='ocrx_word' id='word_1_68' title='bbox 1979 1349 2177 1431; x_wconf 91' lang='lat' dir='ltr'>peltis</span> 
     </span>
     <span class='ocr_line' id='line_1_16' title="bbox 633 1451 2376 1535; baseline 0.001 -21"><span class='ocrx_word' id='word_1_69' title='bbox 633 1451 1055 1515; x_wconf 71' lang='lat' dir='ltr'>Penthesilea</span> <span class='ocrx_word' id='word_1_70' title='bbox 1085 1452 1337 1528; x_wconf 88' lang='lat' dir='ltr'>furens,</span> <span class='ocrx_word' id='word_1_71' title='bbox 1372 1452 1742 1535; x_wconf 83' lang='lat' dir='ltr'>mediisque</span> <span class='ocrx_word' id='word_1_72' title='bbox 1773 1452 1841 1515; x_wconf 92' lang='lat' dir='ltr'>in</span> <span class='ocrx_word' id='word_1_73' title='bbox 1876 1453 2138 1516; x_wconf 88' lang='lat' dir='ltr'>milibus</span> <span class='ocrx_word' id='word_1_74' title='bbox 2168 1452 2376 1528; x_wconf 72' lang='lat' dir='ltr'>ardet,</span> 
     </span>
     <span class='ocr_line' id='line_1_17' title="bbox 630 1555 2312 1638; baseline -0.001 -19"><span class='ocrx_word' id='word_1_75' title='bbox 630 1557 863 1619; x_wconf 92' lang='lat' dir='ltr'>Aurea</span> <span class='ocrx_word' id='word_1_76' title='bbox 893 1555 1297 1619; x_wconf 73' lang='lat' dir='ltr'>subnectens</span> <span class='ocrx_word' id='word_1_77' title='bbox 1328 1565 1630 1620; x_wconf 86' lang='lat' dir='ltr'>exsertae</span> <span class='ocrx_word' id='word_1_78' title='bbox 1663 1556 1932 1638; x_wconf 89' lang='lat' dir='ltr'>cingula</span> <span class='ocrx_word' id='word_1_79' title='bbox 1963 1575 2312 1631; x_wconf 85' lang='lat' dir='ltr'>mammae,</span> 
     </span>
     <span class='ocr_line' id='line_1_18' title="bbox 633 1657 2194 1741; baseline 0 -19"><span class='ocrx_word' id='word_1_80' title='bbox 633 1659 968 1735; x_wconf 73' lang='lat' dir='ltr'>Belletrix‚</span> <span class='ocrx_word' id='word_1_81' title='bbox 1003 1657 1337 1741; x_wconf 88' lang='lat' dir='ltr'>audetque</span> <span class='ocrx_word' id='word_1_82' title='bbox 1368 1658 1528 1722; x_wconf 91' lang='lat' dir='ltr'>viris</span> <span class='ocrx_word' id='word_1_83' title='bbox 1560 1678 1954 1723; x_wconf 88' lang='lat' dir='ltr'>concurrere</span> <span class='ocrx_word' id='word_1_84' title='bbox 1985 1658 2194 1741; x_wconf 80' lang='lat' dir='ltr'>virge.</span> 
     </span>
    </p>
   </div>
   <div class='ocr_carea' id='block_1_7' title="bbox 630 1865 2661 2877">
    <p class='ocr_par' dir='ltr' id='par_1_10' title="bbox 630 1865 2661 2877">
     <span class='ocr_line' id='line_1_19' title="bbox 721 1865 2491 1942; baseline -0.002 -11"><span class='ocrx_word' id='word_1_85' title='bbox 721 1867 914 1931; x_wconf 90' lang='lat' dir='ltr'>Haec</span> <span class='ocrx_word' id='word_1_86' title='bbox 946 1866 1107 1931; x_wconf 93' lang='lat' dir='ltr'>dum</span> <span class='ocrx_word' id='word_1_87' title='bbox 1143 1866 1489 1930; x_wconf 81' lang='lat' dir='ltr'>Dardanie</span> <span class='ocrx_word' id='word_1_88' title='bbox 1522 1867 1800 1930; x_wconf 91' lang='lat' dir='ltr'>Aeneae</span> <span class='ocrx_word' id='word_1_89' title='bbox 1833 1865 2137 1930; x_wconf 91' lang='lat' dir='ltr'>miranda</span> <span class='ocrx_word' id='word_1_90' title='bbox 2165 1866 2491 1942; x_wconf 88' lang='lat' dir='ltr'>videntur,</span> 
     </span>
     <span class='ocr_line' id='line_1_20' title="bbox 634 1968 2346 2053; baseline -0.002 -19"><span class='ocrx_word' id='word_1_91' title='bbox 634 1972 815 2035; x_wconf 91' lang='lat' dir='ltr'>Dum</span> <span class='ocrx_word' id='word_1_92' title='bbox 850 1979 1095 2053; x_wconf 89' lang='lat' dir='ltr'>stupet,</span> <span class='ocrx_word' id='word_1_93' title='bbox 1129 1968 1501 2053; x_wconf 73' lang='lat' dir='ltr'>obtutuque</span> <span class='ocrx_word' id='word_1_94' title='bbox 1535 1969 1768 2034; x_wconf 86' lang='lat' dir='ltr'>haeret</span> <span class='ocrx_word' id='word_1_95' title='bbox 1798 1970 2061 2032; x_wconf 84' lang='lat' dir='ltr'>defixus</span> <span class='ocrx_word' id='word_1_96' title='bbox 2091 1969 2160 2031; x_wconf 90' lang='lat' dir='ltr'>in</span> <span class='ocrx_word' id='word_1_97' title='bbox 2192 1976 2346 2044; x_wconf 73' lang='lat' dir='ltr'>une,</span> 
     </span>
     <span class='ocr_line' id='line_1_21' title="bbox 634 2071 2353 2157; baseline -0.002 -19"><span class='ocrx_word' id='word_1_98' title='bbox 634 2076 898 2157; x_wconf 90' lang='lat' dir='ltr'>Regina</span> <span class='ocrx_word' id='word_1_99' title='bbox 929 2074 1014 2137; x_wconf 92' lang='lat' dir='ltr'>ad</span> <span class='ocrx_word' id='word_1_100' title='bbox 1045 2074 1392 2156; x_wconf 89' lang='lat' dir='ltr'>templum,</span> <span class='ocrx_word' id='word_1_101' title='bbox 1426 2073 1645 2137; x_wconf 74' lang='lat' dir='ltr'>ferme</span> <span class='ocrx_word' id='word_1_102' title='bbox 1678 2072 2122 2157; x_wconf 89' lang='lat' dir='ltr'>pulcherrima</span> <span class='ocrx_word' id='word_1_103' title='bbox 2158 2071 2353 2149; x_wconf 82' lang='lat' dir='ltr'>Dide,</span> 
     </span>
     <span class='ocr_line' id='line_1_22' title="bbox 634 2176 2208 2261; baseline -0.001 -19"><span class='ocrx_word' id='word_1_104' title='bbox 634 2179 936 2257; x_wconf 82' lang='lat' dir='ltr'>Incessit,</span> <span class='ocrx_word' id='word_1_105' title='bbox 971 2185 1219 2261; x_wconf 72' lang='lat' dir='ltr'>magna</span> <span class='ocrx_word' id='word_1_106' title='bbox 1249 2176 1567 2243; x_wconf 89' lang='lat' dir='ltr'>iuvenum</span> <span class='ocrx_word' id='word_1_107' title='bbox 1601 2188 1892 2260; x_wconf 82' lang='lat' dir='ltr'>stipante</span> <span class='ocrx_word' id='word_1_108' title='bbox 1924 2184 2208 2241; x_wconf 73' lang='lat' dir='ltr'>caterva.</span> 
     </span>
     <span class='ocr_line' id='line_1_23' title="bbox 633 2281 2262 2365; baseline -0.002 -19"><span class='ocrx_word' id='word_1_109' title='bbox 633 2282 869 2365; x_wconf 73' lang='lat' dir='ltr'>Quelis</span> <span class='ocrx_word' id='word_1_110' title='bbox 899 2282 967 2345; x_wconf 92' lang='lat' dir='ltr'>in</span> <span class='ocrx_word' id='word_1_111' title='bbox 1002 2283 1297 2356; x_wconf 81' lang='lat' dir='ltr'>Euretae</span> <span class='ocrx_word' id='word_1_112' title='bbox 1328 2291 1490 2364; x_wconf 90' lang='lat' dir='ltr'>ripis</span> <span class='ocrx_word' id='word_1_113' title='bbox 1524 2291 1640 2345; x_wconf 92' lang='lat' dir='ltr'>aut</span> <span class='ocrx_word' id='word_1_114' title='bbox 1670 2302 1791 2364; x_wconf 91' lang='lat' dir='ltr'>per</span> <span class='ocrx_word' id='word_1_115' title='bbox 1821 2281 1979 2362; x_wconf 92' lang='lat' dir='ltr'>iuga</span> <span class='ocrx_word' id='word_1_116' title='bbox 2011 2282 2262 2365; x_wconf 89' lang='lat' dir='ltr'>Cynthi</span> 
     </span>
     <span class='ocr_line' id='line_1_24' title="bbox 630 2384 2209 2468; baseline -0.001 -18"><span class='ocrx_word' id='word_1_117' title='bbox 630 2387 916 2451; x_wconf 88' lang='lat' dir='ltr'>Exercet</span> <span class='ocrx_word' id='word_1_118' title='bbox 952 2387 1172 2450; x_wconf 72' lang='lat' dir='ltr'>Diana</span> <span class='ocrx_word' id='word_1_119' title='bbox 1203 2386 1461 2462; x_wconf 81' lang='lat' dir='ltr'>choreS,</span> <span class='ocrx_word' id='word_1_120' title='bbox 1496 2405 1697 2468; x_wconf 91' lang='lat' dir='ltr'>quam</span> <span class='ocrx_word' id='word_1_121' title='bbox 1731 2384 1908 2449; x_wconf 90' lang='lat' dir='ltr'>mille</span> <span class='ocrx_word' id='word_1_122' title='bbox 1941 2392 2209 2448; x_wconf 73' lang='lat' dir='ltr'>secutae</span> 
     </span>
     <span class='ocr_line' id='line_1_25' title="bbox 635 2488 2661 2573; baseline -0.001 -19"><span class='ocrx_word' id='word_1_123' title='bbox 635 2491 816 2554; x_wconf 92' lang='lat' dir='ltr'>Hinc</span> <span class='ocrx_word' id='word_1_124' title='bbox 848 2500 1049 2573; x_wconf 90' lang='lat' dir='ltr'>atque</span> <span class='ocrx_word' id='word_1_125' title='bbox 1080 2489 1237 2553; x_wconf 91' lang='lat' dir='ltr'>hinc</span> <span class='ocrx_word' id='word_1_126' title='bbox 1272 2490 1731 2571; x_wconf 88' lang='lat' dir='ltr'>glomerantur</span> <span class='ocrx_word' id='word_1_127' title='bbox 1757 2488 2095 2572; x_wconf 80' lang='lat' dir='ltr'>Oreades3</span> <span class='ocrx_word' id='word_1_128' title='bbox 2145 2489 2258 2552; x_wconf 91' lang='lat' dir='ltr'>illa</span> <span class='ocrx_word' id='word_1_129' title='bbox 2288 2488 2661 2571; x_wconf 90' lang='lat' dir='ltr'>pharetram</span> 
     </span>
     <span class='ocr_line' id='line_1_26' title="bbox 636 2593 2611 2675; baseline -0.002 -17"><span class='ocrx_word' id='word_1_130' title='bbox 636 2596 796 2658; x_wconf 91' lang='lat' dir='ltr'>Fert</span> <span class='ocrx_word' id='word_1_131' title='bbox 826 2601 1075 2669; x_wconf 81' lang='lat' dir='ltr'>umere,</span> <span class='ocrx_word' id='word_1_132' title='bbox 1112 2593 1563 2675; x_wconf 73' lang='lat' dir='ltr'>gradiensque</span> <span class='ocrx_word' id='word_1_133' title='bbox 1596 2594 1758 2656; x_wconf 73' lang='lat' dir='ltr'>deas</span> <span class='ocrx_word' id='word_1_134' title='bbox 1791 2594 2243 2674; x_wconf 89' lang='lat' dir='ltr'>supereminet</span> <span class='ocrx_word' id='word_1_135' title='bbox 2275 2598 2611 2655; x_wconf 86' lang='lat' dir='ltr'>omnes—-</span> 
     </span>
     <span class='ocr_line' id='line_1_27' title="bbox 635 2696 2385 2780; baseline -0.001 -19"><span class='ocrx_word' id='word_1_136' title='bbox 635 2698 934 2761; x_wconf 73' lang='lat' dir='ltr'>Latenae</span> <span class='ocrx_word' id='word_1_137' title='bbox 963 2697 1240 2761; x_wconf 90' lang='lat' dir='ltr'>tacitum</span> <span class='ocrx_word' id='word_1_138' title='bbox 1275 2706 1734 2780; x_wconf 90' lang='lat' dir='ltr'>pertemptant</span> <span class='ocrx_word' id='word_1_139' title='bbox 1766 2696 2012 2778; x_wconf 84' lang='lat' dir='ltr'>gaudia</span> <span class='ocrx_word' id='word_1_140' title='bbox 2044 2706 2385 2778; x_wconf 91' lang='lat' dir='ltr'>pectus——</span> 
     </span>
     <span class='ocr_line' id='line_1_28' title="bbox 632 2784 2185 2877; baseline -0.001 -11"><span class='ocrx_word' id='word_1_141' title='bbox 632 2802 816 2866; x_wconf 73' lang='lat' dir='ltr'>Talis</span> <span class='ocrx_word' id='word_1_142' title='bbox 846 2811 989 2865; x_wconf 93' lang='lat' dir='ltr'>erat</span> <span class='ocrx_word' id='word_1_143' title='bbox 1025 2800 1219 2877; x_wconf 80' lang='lat' dir='ltr'>Dide,</span> <span class='ocrx_word' id='word_1_144' title='bbox 1252 2800 1458 2864; x_wconf 75' lang='lat' dir='ltr'>talem</span> <span class='ocrx_word' id='word_1_145' title='bbox 1491 2807 1566 2863; x_wconf 90' lang='lat' dir='ltr'>se</span> <span class='ocrx_word' id='word_1_146' title='bbox 1596 2800 1773 2864; x_wconf 90' lang='lat' dir='ltr'>laeta</span> <span class='ocrx_word' id='word_1_147' title='bbox 1803 2800 2065 2866; x_wconf 85' lang='lat' dir='ltr'>ferebat</span> <span class='ocrx_word' id='word_1_148' title='bbox 2179 2784 2185 2790; x_wconf 44' lang='grc'>’</span> 
     </span>
    </p>
   </div>
   <div class='ocr_carea' id='block_1_8' title="bbox 456 2894 2260 3091">
    <p class='ocr_par' dir='ltr' id='par_1_11' title="bbox 456 2894 2260 3091">
     <span class='ocr_line' id='line_1_29' title="bbox 529 2894 2260 2987; baseline -0.002 -15"><span class='ocrx_word' id='word_1_149' title='bbox 529 2894 532 2897; x_wconf 45' lang='grc'><strong>’</strong></span> <span class='ocrx_word' id='word_1_150' title='bbox 635 2907 760 2974; x_wconf 89' lang='lat' dir='ltr'>Per</span> <span class='ocrx_word' id='word_1_151' title='bbox 791 2905 1060 2979; x_wconf 80' lang='lat' dir='ltr'>medies,</span> <span class='ocrx_word' id='word_1_152' title='bbox 1093 2911 1354 2968; x_wconf 72' lang='lat' dir='ltr'>instans</span> <span class='ocrx_word' id='word_1_153' title='bbox 1387 2913 1577 2987; x_wconf 91' lang='lat' dir='ltr'>operi</span> <span class='ocrx_word' id='word_1_154' title='bbox 1607 2911 1966 2987; x_wconf 90' lang='lat' dir='ltr'>regnisque</span> <span class='ocrx_word' id='word_1_155' title='bbox 1998 2904 2260 2969; x_wconf 75' lang='lat' dir='ltr'>futuris,</span> 
     </span>
     <span class='ocr_line' id='line_1_30' title="bbox 456 3008 2240 3091; baseline -0.002 -17"><span class='ocrx_word' id='word_1_156' title='bbox 456 3035 548 3090; x_wconf 81' lang='lat'>505</span> <span class='ocrx_word' id='word_1_157' title='bbox 622 3010 797 3074; x_wconf 88' lang='lat' dir='ltr'>Tum</span> <span class='ocrx_word' id='word_1_158' title='bbox 831 3008 1086 3073; x_wconf 88' lang='lat' dir='ltr'>foribus</span> <span class='ocrx_word' id='word_1_159' title='bbox 1117 3009 1329 3085; x_wconf 91' lang='lat' dir='ltr'>divae,</span> <span class='ocrx_word' id='word_1_160' title='bbox 1367 3008 1588 3072; x_wconf 72' lang='lat' dir='ltr'>medie</span> <span class='ocrx_word' id='word_1_161' title='bbox 1619 3008 1957 3073; x_wconf 72' lang='lat' dir='ltr'>testudine</span> <span class='ocrx_word' id='word_1_162' title='bbox 1987 3008 2240 3091; x_wconf 90' lang='lat' dir='ltr'>templi,</span> 
     </span>
    </p>
   </div>
   <div class='ocr_carea' id='block_1_9' title="bbox 454 3556 546 3611">
    <p class='ocr_par' dir='ltr' id='par_1_12' title="bbox 454 3556 546 3611">
     <span class='ocr_line' id='line_1_31' title="bbox 454 3556 546 3611; baseline 0.022 -19"><span class='ocrx_word' id='word_1_163' title='bbox 454 3556 546 3611; x_wconf 78' lang='lat'>5¹0</span> 
     </span>
    </p>
   </div>
   <div class='ocr_carea' id='block_1_10' title="bbox 628 3111 2555 3821">
    <p class='ocr_par' dir='ltr' id='par_1_13' title="bbox 631 3111 2222 3196">
     <span class='ocr_line' id='line_1_32' title="bbox 631 3111 2222 3196; baseline -0.001 -18"><span class='ocrx_word' id='word_1_164' title='bbox 631 3113 883 3196; x_wconf 87' lang='lat' dir='ltr'>Saepta</span> <span class='ocrx_word' id='word_1_165' title='bbox 912 3122 1112 3176; x_wconf 90' lang='lat' dir='ltr'>armis</span> <span class='ocrx_word' id='word_1_166' title='bbox 1147 3112 1444 3195; x_wconf 76' lang='lat' dir='ltr'>solioque</span> <span class='ocrx_word' id='word_1_167' title='bbox 1477 3112 1611 3177; x_wconf 92' lang='lat' dir='ltr'>alte</span> <span class='ocrx_word' id='word_1_168' title='bbox 1645 3111 1929 3176; x_wconf 88' lang='lat' dir='ltr'>subnixa</span> <span class='ocrx_word' id='word_1_169' title='bbox 1959 3113 2222 3177; x_wconf 91' lang='lat' dir='ltr'>resedit.</span> 
     </span>
    </p>

    <p class='ocr_par' dir='ltr' id='par_1_14' title="bbox 632 3215 2364 3403">
     <span class='ocr_line' id='line_1_33' title="bbox 634 3215 2364 3300; baseline 0 -20"><span class='ocrx_word' id='word_1_170' title='bbox 634 3219 791 3280; x_wconf 83' lang='lat' dir='ltr'>Iiira</span> <span class='ocrx_word' id='word_1_171' title='bbox 821 3217 1024 3280; x_wconf 91' lang='lat' dir='ltr'>dabat</span> <span class='ocrx_word' id='word_1_172' title='bbox 1062 3218 1380 3299; x_wconf 88' lang='lat' dir='ltr'>legesque</span> <span class='ocrx_word' id='word_1_173' title='bbox 1410 3217 1588 3293; x_wconf 78' lang='lat' dir='ltr'>viriS‚</span> <span class='ocrx_word' id='word_1_174' title='bbox 1625 3236 2037 3300; x_wconf 91' lang='lat' dir='ltr'>operumque</span> <span class='ocrx_word' id='word_1_175' title='bbox 2069 3215 2364 3280; x_wconf 83' lang='lat' dir='ltr'>laberem</span> 
     </span>
     <span class='ocr_line' id='line_1_34' title="bbox 632 3319 2276 3403; baseline 0.001 -19"><span class='ocrx_word' id='word_1_176' title='bbox 632 3321 937 3384; x_wconf 90' lang='lat' dir='ltr'>Partibus</span> <span class='ocrx_word' id='word_1_177' title='bbox 971 3319 1301 3403; x_wconf 70' lang='lat' dir='ltr'>aequabat</span> <span class='ocrx_word' id='word_1_178' title='bbox 1333 3320 1542 3397; x_wconf 77' lang='lat' dir='ltr'>ifistiS‚</span> <span class='ocrx_word' id='word_1_179' title='bbox 1577 3331 1691 3384; x_wconf 89' lang='lat' dir='ltr'>aut</span> <span class='ocrx_word' id='word_1_180' title='bbox 1724 3330 1902 3386; x_wconf 88' lang='lat' dir='ltr'>sorte</span> <span class='ocrx_word' id='word_1_181' title='bbox 1931 3321 2276 3385; x_wconf 87' lang='lat' dir='ltr'>trahebat:</span> 
     </span>
    </p>

    <p class='ocr_par' dir='ltr' id='par_1_15' title="bbox 628 3423 2555 3821">
     <span class='ocr_line' id='line_1_35' title="bbox 628 3423 2351 3507; baseline 0 -19"><span class='ocrx_word' id='word_1_182' title='bbox 628 3425 800 3490; x_wconf 91' lang='lat' dir='ltr'>Cum</span> <span class='ocrx_word' id='word_1_183' title='bbox 833 3423 1055 3488; x_wconf 78' lang='lat' dir='ltr'>subite</span> <span class='ocrx_word' id='word_1_184' title='bbox 1087 3425 1360 3487; x_wconf 72' lang='lat' dir='ltr'>Aenees</span> <span class='ocrx_word' id='word_1_185' title='bbox 1391 3432 1719 3488; x_wconf 70' lang='lat' dir='ltr'>concursu</span> <span class='ocrx_word' id='word_1_186' title='bbox 1755 3426 2072 3489; x_wconf 89' lang='lat' dir='ltr'>accedere</span> <span class='ocrx_word' id='word_1_187' title='bbox 2103 3431 2351 3507; x_wconf 72' lang='lat' dir='ltr'>magne</span> 
     </span>
     <span class='ocr_line' id='line_1_36' title="bbox 634 3529 2555 3613; baseline -0.001 -20"><span class='ocrx_word' id='word_1_188' title='bbox 634 3529 910 3593; x_wconf 89' lang='lat' dir='ltr'>Anthea</span> <span class='ocrx_word' id='word_1_189' title='bbox 950 3529 1473 3611; x_wconf 87' lang='lat' dir='ltr'>Sergestumque</span> <span class='ocrx_word' id='word_1_190' title='bbox 1506 3529 1688 3593; x_wconf 90' lang='lat' dir='ltr'>videt</span> <span class='ocrx_word' id='word_1_191' title='bbox 1722 3529 2100 3613; x_wconf 82' lang='lat' dir='ltr'>fortemque</span> <span class='ocrx_word' id='word_1_192' title='bbox 2133 3529 2555 3605; x_wconf 89' lang='lat' dir='ltr'>Cloanthum,</span> 
     </span>
     <span class='ocr_line' id='line_1_37' title="bbox 628 3632 2314 3717; baseline -0.001 -19"><span class='ocrx_word' id='word_1_193' title='bbox 628 3635 1173 3715; x_wconf 80' lang='lat' dir='ltr'>Teucrerumque</span> <span class='ocrx_word' id='word_1_194' title='bbox 1206 3632 1387 3708; x_wconf 60' lang='lat' dir='ltr'>aliem,</span> <span class='ocrx_word' id='word_1_195' title='bbox 1421 3639 1565 3697; x_wconf 71' lang='lat' dir='ltr'>ater</span> <span class='ocrx_word' id='word_1_196' title='bbox 1597 3642 1764 3716; x_wconf 81' lang='lat' dir='ltr'>ques</span> <span class='ocrx_word' id='word_1_197' title='bbox 1797 3653 2085 3717; x_wconf 89' lang='lat' dir='ltr'>aequore</span> <span class='ocrx_word' id='word_1_198' title='bbox 2115 3633 2314 3697; x_wconf 82' lang='lat' dir='ltr'>turbe</span> 
     </span>
     <span class='ocr_line' id='line_1_38' title="bbox 632 3735 2194 3821; baseline -0.001 -19"><span class='ocrx_word' id='word_1_199' title='bbox 632 3737 1023 3820; x_wconf 90' lang='lat' dir='ltr'>Dispulerat</span> <span class='ocrx_word' id='word_1_200' title='bbox 1054 3735 1453 3821; x_wconf 88' lang='lat' dir='ltr'>penitusque</span> <span class='ocrx_word' id='word_1_201' title='bbox 1485 3736 1651 3801; x_wconf 74' lang='lat' dir='ltr'>alies</span> <span class='ocrx_word' id='word_1_202' title='bbox 1682 3743 1994 3802; x_wconf 73' lang='lat' dir='ltr'>avexerat</span> <span class='ocrx_word' id='word_1_203' title='bbox 2024 3743 2194 3802; x_wconf 72' lang='lat' dir='ltr'>eras.</span> 
     </span>
    </p>
   </div>
  </div>
 </body>
</html>
