3015 4288
459 276 589 345 292
1186 267 1507 324 vssamm
1559 267 1959 323 AENEmos

640 452 661 485 ⁴
680 447 746 517 O
779 448 1163 514 fortunatae
1194 456 1450 531 genteS,
1487 447 1804 512 Saturnia
1835 466 2061 530 regna,

638 553 926 637 Antiqui
954 551 1260 627 Ausonii,
1294 571 1466 634 quae
1496 571 1618 615 vos
1650 552 1920 615 fortuna
1950 551 2209 633 quietos

579 737 590 749 ⁶
640 639 984 732 Sollicitat,
1020 656 1390 738 suadetque
1421 653 1653 737 ignota
1686 650 2013 718 lacessere
2044 653 2267 719 bella?

465 781 561 836 255
637 761 1062 844 Quicumque
1098 759 1340 823 Iliacos
1371 759 1553 823 ferro
1583 757 1975 822 violavimus
2004 768 2335 841 agroS,'-

646 864 845 929 Mitto
875 883 972 939 ea,
1009 883 1181 946 quae
1213 864 1420 927 muris
1450 861 1766 927 bellando
1796 862 2121 926 exhausta
2151 861 2275 926 sub
2306 862 2478 938 altis,

643 968 834 1051 Quos
868 967 1113 1033 Simois
1145 975 1406 1048 premat
1436 966 1549 1029 ille
1579 965 1864 1030 viros—
1884 966 2163 1029 infanda
2194 985 2313 1048 per
2344 957 2577 1030 orbem

644 1070 987 1155 Supplicia
1016 1079 1085 1134 et
1116 1069 1441 1134 scelerum
1474 1090 1728 1152 poenas
1759 1069 2197 1153 expendimus
2227 1062 2479 1145 omnes,
2594 1080 2633 1086 ·“

639 1176 769 1241 Vel
805 1174 1065 1239 Priamo
1097 1173 1478 1237 miseranda
1507 1193 1787 1238 manus:
1834 1175 1959 1238 scit
1991 1173 2177 1237 triste
2216 1174 2561 1237 Minervae

468 1287 568 1339 260
639 1280 841 1345 Sidus
871 1287 941 1342 et
974 1276 1312 1342 Euboicae
1344 1287 1577 1342 cautes
1608 1278 1914 1361 ultorque
1946 1277 2352 1361 Caphereus.

643 1383 886 1448 Militia
914 1402 998 1446 ex
1025 1382 1141 1445 illa
1171 1381 1510 1445 diversum
1543 1382 1629 1445 ad
1660 1381 1816 1446 litus
1847 1381 2066 1446 abacti

642 1486 919 1553 Atrides
954 1485 1174 1550 Protei
1209 1486 1563 1549 Menelaus
1594 1487 1680 1550 ad
1712 1505 1923 1568 usque
1956 1486 2305 1551 columnas

646 1590 943 1667 Exsulat,
979 1590 1324 1654 Aetnaeos
1354 1589 1522 1654 vidit
1553 1589 1886 1675 Cyclopas
1919 1590 2170 1656 Ulixes.

644 1696 888 1778 Regna
922 1692 1349 1776 Neoptolemi
1378 1694 1689 1770 referam,
1722 1712 2083 1776 versosque
2117 1693 2403 1757 Penates

467 1807 563 1874 265
641 1796 1031 1864 Idomenei?
1124 1795 1469 1882 Libycone
1500 1796 1880 1861 habitantes
1912 1797 2100 1861 litore
2135 1789 2459 1861 Locros?

646 1902 805 1985 Ipse
839 1902 1255 1986 Mycenaeus
1287 1920 1685 1983 magnorum
1716 1900 1954 1965 ductor
1983 1900 2320 1971 Achivum
2402 1891 2407 1896 ’
2464 1890 2476 1900 ”

642 2004 966 2087 Coniugis
995 2003 1320 2069 infandae
1351 2004 1569 2088 prima
1600 2005 1774 2069 intra
1804 2004 2032 2068 limina
2061 2005 2294 2068 dextra

639 2109 979 2195 Oppetiit;
1027 2107 1355 2174 devictam
1390 2109 1628 2174 Asiam
1661 2109 1961 2174 subsedit
1990 2108 2267 2174 adulter.

648 2213 980 2279 Invidisse
1010 2213 1190 2289 deoS‚
1227 2212 1458 2295 patriis
1490 2223 1563 2278 ut
1593 2214 1890 2278 redditus
1923 2216 2055 2277 aris

469 2338 568 2390 270
641 2316 1041 2400 Coniugium
1073 2325 1378 2400 optatum
1409 2326 1478 2381 et
1512 2317 1857 2399 pulchram
1892 2316 2242 2403 Calydona
2271 2315 2608 2380 viderem!

647 2423 847 2487 Nunc
879 2422 1081 2486 etiam
1114 2420 1414 2484 horribili
1443 2421 1589 2484 visu
1624 2430 1936 2503 portenta
1967 2430 2355 2504 sequuntur,
2456 2411 2461 2416 ’

647 2526 738 2590 Et
768 2526 929 2590 socii
959 2523 1187 2588 amissi
1220 2524 1556 2606 petierunt
1586 2525 1859 2589 aethera
1893 2524 2133 2607 pennis

648 2629 1201 2710 Fluminibusque
1231 2638 1565 2709 vagantur
1595 2647 1754 2692 aves
1772 2665 1858 2674 —
1878 2628 2010 2691 heu
2044 2628 2186 2691 dira
2219 2643 2515 2691 meorum

646 2732 1029 2816 Supplicia!
1052 2767 1140 2777 ——
1159 2739 1228 2794 et
1259 2731 1572 2813 scopulos
1604 2731 1968 2795 lacrimosis
2000 2731 2274 2795 vocibus
2306 2730 2605 2813 implent.

472 2856 565 2910 275
645 2837 839 2901 Haec
870 2837 1038 2900 adeo
1071 2853 1153 2898 ex
1183 2832 1297 2897 illo
1327 2833 1490 2897 mihi
1520 2836 1653 2898 iam
1685 2835 2020 2918 speranda
2050 2836 2324 2898 fuerunt

645 2941 1000 3023 Tempore,
1035 2947 1186 3002 cum‘
1221 2937 1400 3002 ferro
1431 2938 1746 3003 caelestia
1776 2958 2059 3021 corpora
2089 2939 2367 3003 demens
2408 2933 2411 2940 ’

646 3039 927 3124 Appetii
957 3049 1029 3104 et
1055 3041 1340 3106 Veneris
1373 3041 1615 3106 violavi
1644 3042 1925 3106 vulnere
1951 3042 2271 3106 dextram.
2356 3051 2360 3055 *

563 3211 570 3218 ,
648 3145 756 3209 Ne
785 3164 963 3221 vero,
996 3166 1083 3209 ne
1115 3165 1222 3210 me
1255 3146 1340 3209 ad
1370 3146 1542 3209 tales
1572 3146 1893 3228 impellite
1927 3165 2210 3228 pugnaS.

649 3249 796 3313 Nec
827 3248 991 3312 mihi
1021 3269 1173 3313 cum
1204 3249 1485 3313 Teucris
1518 3249 1725 3313 ullum
1758 3259 1913 3334 post
1942 3259 2133 3313 eruta
2162 3248 2411 3314 bellum

471 3356 570 3409 280
645 3353 991 3435 Pergama,
1018 3373 1143 3417 nec
1173 3361 1474 3417 veterum
1510 3353 1780 3418 memini
1812 3354 2106 3418 laetorve
2136 3343 2509 3417 malorum.'‘

649 3457 954 3533 Munera,
988 3476 1160 3540 quae
1193 3456 1427 3539 patriis
1457 3457 1544 3520 ad
1576 3477 1682 3520 me
1715 3459 1995 3540 portatis
2026 3457 2112 3521 ab
2144 3457 2293 3534 oriS,

647 3561 904 3626 Vertite
935 3562 1021 3625 ad
1054 3560 1358 3625 Aenean.
1455 3560 1778 3625 Stetimus
1809 3562 1943 3625 tela
1975 3582 2216 3645 aspera
2246 3571 2497 3638 contra,

647 3665 1203 3747 Contulimusque
1236 3684 1514 3729 manus:
1561 3675 1835 3747 experto
1866 3666 2137 3743 credite,
2173 3677 2463 3749 quantus

651 3769 731 3832 In
765 3768 1054 3852 clipeum
1086 3769 1426 3850 adsurgat,
1460 3789 1593 3851 quo
1624 3768 1886 3832 turbine
1917 3778 2229 3853 torqueat
2261 3772 2544 3835 hastam.
