3015 4288
483 267 610 359 238

480 692 575 748 2⁵5

478 2248 578 2303 2⁷0

480 2767 575 2823 275

1205 279 1528 338 VERGILI
1576 281 1739 337 AEN
1744 278 1979 335 EIDOS

660 459 963 527 Praemia
1000 478 1200 545 posse
1229 478 1380 523 rear
1410 458 1624 523 solvi?
1670 455 2123 541 pulcherrima
2150 456 2438 539 primum

662 564 752 630 Di
780 582 1136 648 moresque
1167 563 1423 626 dabunt
1452 564 1657 627 vestri
1683 581 1697 639 ;
1746 571 1888 625 tum
1921 571 2143 625 cetera
2173 560 2408 626 reddet

655 671 981 735 Actutum
1015 667 1166 752 pius
1197 668 1476 732 Aeneas
1507 676 1709 750 atque
1740 665 2002 747 integer
2030 666 2179 729 aevi

654 773 1009 850 AscaniuS,
1046 770 1264 835 meriti
1293 772 1464 834 tanti
1492 790 1629 834 non
1661 768 2008 834 immemor
2039 769 2419 853 umquam.”

747 882 785 911 ‘⁸
806 878 1025 943 Immo
1055 895 1185 958 ego
1216 895 1356 953 νος,
1390 876 1499 938 cui
1532 874 1674 938 sola
1706 874 1888 937 salus
1919 875 2221 956 genitore
2250 871 2587 950 reduct0,”

658 981 925 1065 Excipit
956 979 1314 1057 Ascanius,
1348 983 1386 1012 “
1406 999 1530 1063 per
1562 998 1864 1060 magnOS,
1903 978 2086 1056 Nise,
2124 979 2411 1042 Penates

654 1084 1106 1169 Assaracique
1146 1085 1390 1148 Larem
1423 1092 1492 1147 et
1524 1103 1732 1147 canae
1765 1067 2139 1165 penetralia
2166 1083 2421 1146 Vestae

655 1188 1019 1267 obtestor:
1067 1207 1531 1272 quaecumque
1562 1186 1727 1250 mihi
1757 1187 2031 1251 fortuna
2063 1185 2360 1269 fidesque
2392 1194 2520 1264 est,

658 1293 741 1358 In
771 1290 1010 1357 vestris
1043 1311 1222 1375 pono
1255 1291 1569 1374 gremiis:
1617 1300 1926 1355 revocate
1960 1300 2325 1374 parentem,

660 1394 947 1462 Reddite
978 1403 1452 1478 conspectum:
1500 1393 1670 1457 nihil
1697 1394 1812 1458 illo
1842 1395 2032 1459 triste
2063 1403 2354 1477 recepto,

657 1500 829 1565 Bina
864 1498 1041 1564 dabo
1072 1508 1355 1580 argento
1386 1498 1695 1582 perfecta
1723 1508 1924 1581 atque
1957 1518 2198 1580 aspera
2227 1496 2441 1579 signis

658 1603 920 1680 Pocula,
953 1601 1216 1667 devicta
1246 1601 1513 1684 genitor
1542 1621 1716 1686 quae
1747 1601 1927 1684 cepit
1955 1601 2226 1676 Arisba,

656 1708 747 1772 Et
776 1705 1075 1791 tripodas
1108 1707 1432 1788 geminoS,
1466 1704 1612 1771 auri
1641 1705 1774 1769 duo
1807 1725 2054 1787 magna
2084 1705 2355 1782 talenta,

654 1810 934 1878 Cratera
967 1811 1334 1893 antiquum,
1369 1828 1570 1892 quem
1604 1809 1722 1873 dat
1754 1808 2027 1873 Sidonia
2061 1809 2260 1874 Dido.

656 1913 731 1980 Si
760 1933 920 1979 vero
952 1931 1193 1997 capere
1228 1912 1494 1976 Italiam
1528 1914 1941 1996 sceptrisque
1980 1912 2177 1996 potiri

656 2016 1029 2099 Contigerit
1057 2015 1310 2092 victori,
1343 2025 1413 2081 et
1444 2016 1736 2099 praedae
1769 2016 1991 2082 dicere
2023 2027 2312 2081 sortem:

653 2120 917 2197 Vidisti,
952 2141 1084 2205 quo
1116 2120 1387 2185 Turnus
1419 2140 1614 2205 equo,
1648 2120 1890 2204 quibus
1922 2120 2062 2186 ibat
2092 2120 2161 2185 in
2194 2120 2397 2187 armis
2481 2202 2486 2207 ἢ

654 2227 962 2304 Aureus;
1011 2224 1232 2309 ipsum
1264 2223 1468 2302 illum,
1503 2226 1793 2309 clipeum
1826 2225 2196 2309 cristasque
2227 2226 2548 2291 rubentes

657 2328 1004 2413 Excipiam
1038 2327 1217 2406 sorti,
1252 2327 1383 2391 iam
1416 2349 1597 2393 nunc
1628 2337 1748 2392 tua
1779 2329 2098 2411 praemia,
2134 2330 2318 2394 Nise.

656 2433 1010 2498 Praeterea
1037 2429 1141 2496 bis
1173 2452 1291 2496 sex
1320 2432 1587 2514 genitor
1618 2432 1980 2496 lectissima
2009 2443 2297 2497 matrum

655 2536 956 2622 Corpora
986 2535 1422 2620 captivosque
1455 2534 1659 2612 dabit,
1695 2556 1949 2619 suaque
1982 2535 2291 2601 omnibus
2316 2557 2536 2615 arma:

655 2640 945 2724 Insuper
976 2640 1099 2716 his,
1134 2640 1356 2721 campi
1388 2639 1570 2723 quod
1602 2660 1718 2704 rex
1750 2640 1955 2705 habet
1985 2640 2131 2722 ipse
2166 2640 2469 2705 Latinus,

653 2744 756 2810 Te
786 2763 964 2821 vero,
1003 2762 1152 2807 mea
1183 2762 1385 2827 quem
1419 2743 1656 2825 spatiis
1689 2743 2111 2827 propioribus
2143 2754 2327 2809 aetas

656 2847 1059 2931 Insequitur,
1093 2846 1477 2911 venerande
1511 2867 1695 2929 puer,
1730 2847 1861 2911 iam
1891 2857 2160 2930 pectore
2191 2858 2333 2913 toto

655 2952 939 3032 Accipio
966 2959 1037 3015 et
1069 2949 1382 3015 comitem
1413 2970 1611 3014 casus
1642 2951 2053 3033 complector
2083 2951 2151 3014 in
2184 2971 2442 3016 omnes,

660 3053 863 3118 Nulla
893 3053 1060 3118 meis
1093 3052 1238 3118 sine
1269 3062 1338 3118 te
1369 3063 1730 3137 quaeretur
1760 3055 1972 3136 gloria
2002 3054 2239 3134 rebus;

657 3158 793 3223 Seu
827 3176 1061 3241 pacem
1093 3178 1213 3222 seu
1242 3156 1418 3222 bella
1449 3177 1702 3241 geram,
1734 3157 1858 3222 tibi
1877 3159 2165 3222 maxima
2194 3179 2416 3223 rerum

657 3262 1169 3345 Verborumque
1204 3260 1435 3325 fides,’'

995 3409 1001 3416 -
1489 3366 1744 3432 Contra
1776 3387 1975 3450 quem
2008 3366 2169 3431 talia
2198 3367 2381 3431 fatur

660 3469 1033 3555 Euryalus:
1083 3473 1120 3502 ‘⁸
1145 3470 1263 3534 Me
1292 3468 1476 3533 nulla
1506 3470 1651 3534 dies
1681 3480 1819 3534 tam
1853 3471 2138 3534 fortibus
2170 3470 2351 3534 ausis

662 3574 1072 3640 Dissimilem
1106 3573 1437 3656 arguerit3
1484 3584 1745 3639 tantum
1779 3577 2049 3639 fortuna
2083 3575 2377 3639 secunda

664 3677 870 3742 Haud
901 3676 1182 3763 adversa
1212 3678 1427 3742 cadat.
1522 3678 1656 3743 Sed
1688 3688 1756 3743 te
1788 3700 1992 3762 super
2022 3680 2255 3743 omnia‘
2277 3680 2454 3743 dona

663 3782 893 3847 Unum
927 3802 1080 3846 oro:
1128 3783 1429 3863 genetrix
1463 3782 1709 3846 Priami
1737 3783 2057 3865 degente
2087 3793 2355 3848 vetusta
