3015 4288
1186 277 1422 337 mnan
1471 275 1842 352 QUARTUS
2494 288 2605 346 m

586 458 720 528 Hic
750 462 1040 546 primum
1071 461 1345 547 paribus
1373 460 1596 527 nitens
1628 461 1969 548 Cyllenius
2000 463 2125 530 alis

584 566 933 645 Constitit3
983 566 1138 631 hinc
1172 575 1313 630 toto
1344 585 1672 649 praeceps
1703 586 1776 631 se
1807 587 2087 651 corpore
2117 566 2204 633 ad
2234 566 2451 634 undas

558 669 790 746 'Misia
824 671 931 733 avi
962 669 1209 747 similis,
1245 689 1418 753 quae
1448 669 1698 733 circum
1734 669 1942 747 litora,
1974 670 2225 736 circum

411 797 503 852 255
586 773 891 837 Piscosos
921 773 1235 856 scopulos
1266 772 1535 836 humilis
1564 772 1746 837 volat
1778 792 2071 857 aequora
2100 773 2301 840 iuxta.

585 876 791 942 Haud
821 878 1012 942 aliter
1039 886 1253 941 terras
1282 876 1457 940 inter
1484 877 1881 961 caelumque
1908 876 2180 943 volabat

586 979 777 1045 Litus
806 981 1209 1046 harenosum
1240 981 1327 1045 ad
1361 980 1637 1067 Libyae,
1669 990 2039 1065 ventosque
2069 981 2345 1049 secabat

586 1085 897 1150 Materno
926 1086 1203 1150 veniens
1235 1084 1321 1148 ab
1352 1104 1479 1148 avo
1512 1083 1820 1170 Cyllenia
1850 1086 2088 1170 proles.

672 1189 771 1255 Ut
801 1188 1089 1273 primurn
1120 1188 1317 1252 alatis
1346 1188 1570 1271 tetigit
1600 1188 1889 1272 magalia
1918 1188 2186 1273 plantis,

405 1304 503 1356 260
581 1292 866 1357 Aenean
896 1293 1296 1357 fundantem
1326 1311 1518 1356 arces
1546 1310 1626 1356 ac
1655 1301 1834 1357 tecta
1863 1301 2230 1358 novantem

584 1394 964 1479 Conspicit3
1011 1406 1214 1479 atque
1243 1395 1340 1459 illi
1369 1395 1677 1460 stellatus
1705 1395 1963 1480 iaspide
1994 1396 2183 1463 fulva

584 1499 785 1563 Ensis
814 1510 976 1577 erat,
1010 1500 1348 1586 Tyrioque
1377 1498 1658 1565 ardebat
1688 1501 1938 1565 murice
1967 1499 2162 1567 laena

586 1603 898 1668 Demissa
927 1624 1011 1668 ex
1040 1603 1305 1680 umeris,
1338 1603 1526 1668 dives
1558 1623 1733 1687 quae
1763 1624 2041 1668 munera
2073 1603 2256 1670 Dido

584 1707 867 1772 Fecerat
896 1716 965 1771 et
994 1708 1180 1771 tenui
1211 1707 1380 1771 telas
1412 1707 1817 1773 discreverat
1846 1728 2026 1773 auro.

403 1822 501 1890 265
585 1810 921 1875 Continuo
950 1811 1242 1876 invadit:
1292 1810 1456 1875 “Tu
1487 1831 1668 1877 nunc
1700 1810 2142 1895 Karthaginis
2172 1810 2353 1879 altae

585 1914 1052 1978 Fundamenta
1081 1915 1283 1992 locaS,
1316 1915 1802 1999 pulchramque
1833 1916 2100 1980 uxorius
2129 1916 2367 1980 urbem

587 2017 937 2082 Exstruis?
982 2018 1116 2082 heu
1147 2019 1338 2101 regni
1366 2038 1722 2102 rerumque
1752 2018 1956 2083 oblite
1987 2018 2291 2085 tuarum!
2394 2072 2403 2076 -

586 2121 744 2207 Ipse
775 2122 974 2187 deum
1008 2121 1130 2187 tibi
1160 2142 1268 2188 me
1297 2122 1477 2188 claro
1509 2121 1798 2187 demittit
1829 2121 2127 2208 Olympo

586 2227 949 2310 Regnator,
983 2227 1240 2293 caelum
1273 2236 1342 2291 et
1369 2236 1583 2292 terras
1613 2226 1730 2311 qui
1757 2228 2032 2291 numine
2061 2235 2367 2311 torquet;

404 2357 505 2408 270
588 2330 748 2413 Ipse
778 2330 946 2397 haec
978 2331 1154 2396 ferre
1185 2330 1369 2395 iubet
1397 2332 1651 2396 celeres
1681 2330 2000 2394 mandata
2029 2350 2150 2413 per
2181 2349 2417 2396 auras:

586 2435 766 2519 Quid
797 2438 1016 2514 struiS‚
1049 2445 1166 2501 aut
1196 2456 1328 2521 qua
1359 2456 1481 2520 spe
1516 2436 1787 2523 Libycis
1815 2437 1975 2502 teris
2004 2437 2142 2502 otia
2170 2437 2413 2503 terris?

588 2537 663 2604 Si
690 2549 759 2604 te
790 2541 975 2604 nulla
1005 2550 1227 2606 movet
1257 2549 1596 2605 tantarum
1629 2541 1843 2624 gloria
1872 2561 2093 2606 rerum

588 2643 733 2708 Nec
766 2664 968 2727 super
996 2644 1141 2726 ipse
1170 2654 1286 2709 tua
1318 2645 1570 2709 moliris
1602 2645 1800 2709 laude
1831 2645 2146 2723 laborem,
2234 2725 2241 2732 ι

583 2747 954 2812 Ascanium
987 2757 1371 2831 surgentem
1401 2758 1472 2813 et
1502 2768 1660 2832 spes
1690 2749 1956 2813 heredis
1988 2747 2120 2814 Iuli

405 2876 504 2932 275
588 2850 895 2934 Respice,
928 2850 1036 2915 cui
1066 2872 1344 2934 regnum
1381 2853 1618 2916 Italiae
1654 2853 2095 2937 Romanaque
2125 2850 2324 2918 tellus

588 2954 999 3020 Debentur.”
1088 2955 1241 3019 Tali
1273 2956 1617 3042 Cyllenius
1648 2976 1763 3021 ore
1794 2956 2054 3021 locutus

589 3059 910 3123 Mortales
940 3058 1122 3123 visus
1154 3059 1372 3124 medio
1403 3080 1712 3124 sermone
1740 3059 2023 3144 reliquit,

588 3162 676 3227 Et
708 3162 940 3246 procul
971 3162 1039 3227 in
1070 3172 1338 3228 tenuem
1371 3184 1453 3228 ex
1483 3164 1693 3229 oculis
1723 3165 1996 3228 evanuit
2024 3184 2274 3229 auram.

562 3285 569 3297 ·
671 3267 771 3331 At
799 3288 958 3332 vero
989 3268 1263 3333 Aeneas
1295 3277 1574 3353 aspectu
1605 3266 1936 3333 obmutuit
1966 3277 2232 3345 amenS‚'

401 3385 502 3437 280
585 3370 1047 3455 Arrectaeque
1077 3372 1346 3436 horrore
1378 3392 1629 3449 comae,
1664 3381 1734 3436 et
1762 3392 1893 3437 vox
1924 3372 2230 3436 faucibus
2262 3370 2497 3438 haesit.

584 3475 804 3540 Ardet
834 3475 1016 3540 abire
1049 3477 1213 3557 fuga
1244 3475 1607 3560 dulcesque
1641 3476 2014 3559 relinquere
2042 3484 2272 3553 terraS,

587 3577 938 3643 Attonitus
970 3588 1157 3643 tanto
1189 3579 1442 3643 monitu
1473 3578 1888 3663 imperioque
1919 3580 2212 3644 deorum.

543 3714 547 3723 ·
588 3681 745 3746 Heu
778 3682 935 3765 quid
968 3682 1169 3764 agat?
1215 3703 1346 3765 quo
1380 3702 1558 3747 nunc
1591 3683 1890 3763 reginam
1925 3682 2175 3747 ambire
2207 3682 2540 3748 furentem

582 3784 858 3849 Audeat
888 3785 1167 3883 adfatuU?
1213 3805 1383 3869 quae
1416 3786 1631 3867 prima
1661 3784 1930 3849 exordia
1960 3786 2224 3849 sumat?
