3015 4288
1218 268 1447 322 LlssER
1499 267 1912 322 SECUNDUS
2585 262 2663 326 61

454 458 548 526 185
634 448 836 512 Hanc
868 456 1093 512 tamen
1129 448 1521 524 immensam
1557 448 1847 513 Calchas
1878 447 2184 514 attollere
2215 447 2459 517 molem

632 551 1008 614 Roboribus
1040 562 1235 616 textis
1267 552 1587 633 caeloque
1619 553 1904 615 educere
1936 551 2146 628 iussit,

635 655 742 717 Ne
773 656 978 739 recipi
1010 645 1236 738 portis,
1273 666 1388 719 aut
1419 656 1576 719 duci
1605 657 1673 718 in
1711 655 1973 720 moenia
2005 665 2250 738 posset,

634 759 785 822 Neu
820 761 1142 842 populum
1175 767 1448 842 antiqua
1481 760 1605 823 sub
1641 760 1957 841 religione
1989 767 2176 824 tueri.

634 863 809 925 Nam
844 873 899 926 si·
929 873 1154 927 vestra
1185 883 1424 927 manus
1456 863 1770 928 violasset
1802 863 1978 927 dona
2014 864 2380 942 Minervae,

246 970 253 977 '
338 1043 344 1047 ἢ
451 989 549 1044 190
629 965 804 1061 Turn
881 975 1202 1059 magnum
1277 967 1857 1049 exitium—quod
1932 968 2001 1031 di
2076 967 2261 1050 prius
2326 975 2524 1032 omen
2599 967 2664 1030 in

801 1091 1021 1154 ipsum

629 1173 1041 1240 Convertant
1063 1177 1076 1239 ἱ
1105 1213 1192 1223 -
1214 1178 1457 1240 Priami
1479 1176 1758 1259 imperio
1786 1176 2298 1260 Phrygibusque
2318 1177 2620 1240 futurum
2643 1195 2659 1252 ;

631 1277 748 1343 Sin
782 1280 1091 1344 manibus
1122 1291 1360 1344 vestris
1393 1290 1684 1343 vestram
1719 1281 2132 1359 ascendisset
2164 1279 2232 1343 in
2266 1280 2517 1357 urbem,

630 1382 829 1447 Ultro
861 1383 1097 1447 Asiam
1133 1391 1380 1465 magno
1414 1384 1702 1466 Pelopea
1732 1385 1817 1446 ad
1852 1385 2112 1447 moenia
2142 1383 2318 1446 bello

627 1483 1021 1563 Venturam,
1058 1496 1125 1550 et
1157 1495 1419 1552 nostros
1453 1507 1533 1550 ea
1567 1488 1707 1549 fata
1739 1494 2008 1550 manere
2042 1486 2385 1570 nepoteS.’'

446 1613 545 1675 ¹95
717 1590 993 1654 Talibus
1025 1591 1277 1655 insidiis
1312 1592 1690 1673 periurique
1724 1600 1868 1654 arte
1901 1589 2171 1656 Sinonis

630 1693 897 1758 Credita
929 1703 1052 1770 reS‚
1088 1705 1400 1778 captique
1433 1694 1603 1758 dolis
1637 1694 2058 1777 lacrimisque
2090 1702 2358 1781 coactJS,

630 1797 818 1879 Quos
852 1818 1069 1880 neque
1101 1798 1416 1881 Tydides,
1452 1819 1577 1863 nec
1614 1799 1972 1862 Larisaeus
2005 1798 2329 1875 Achilles,

634 1901 787 1963 Non
822 1911 980 1964 anni
1010 1902 1326 1965 domuere
1359 1902 1612 1978 decem,
1650 1911 1783 1965 non
1819 1902 1999 1966 mille
2030 1912 2313 1966 carinae.

718 2005 851 2068 Hic
885 2005 1062 2068 aliud
1098 2007 1310 2069 maius
1343 2006 1603 2070 miseris
1637 2006 1974 2088 multoque
2006 2005 2425 2069 tremendum

444 2134 546 2172 200
630 2107 936 2174 Obicitur
970 2111 1199 2192 magis,
1236 2120 1435 2193 atque
1468 2110 1840 2193 improvida
1874 2118 2146 2193 pectora
2177 2107 2419 2174 turbat.

631 2212 961 2287 Laocoon,
1000 2213 1240 2277 ductus
1278 2215 1601 2295 Neptuno
1633 2223 1808 2277 sorte
1842 2214 2173 2289 sacerd6S‚

631 2316 1003 2380 Sollemnes
1034 2327 1294 2380 taurum
1331 2317 1673 2399 ingentem
1709 2318 2041 2380 mactabat
2073 2316 2158 2379 ad
2188 2323 2357 2380 iras.

631 2420 807 2484 Eece
839 2431 1062 2484 autem
1096 2420 1349 2503 gemini
1380 2428 1420 2484 a
1452 2422 1733 2485 Tenedo
1764 2419 2124 2503 tranquilla
2155 2440 2275 2503 per
2307 2421 2551 2484 alta—-

633 2524 971 2588 Horresco
1004 2526 1302 2588 referens
1322 2526 1775 2588 —immensis
1806 2523 2076 2588 orbibus
2106 2530 2365 2605 angues

440 2651 540 2706 205
629 2627 1038 2691 Incumbunt
1073 2629 1332 2710 pelago,
1371 2629 1749 2710 pariterque
1785 2627 1868 2690 ad
1901 2628 2093 2690 litora
2124 2627 2452 2704 tendunt;

627 2731 904 2795 Pectora
936 2740 1217 2814 quorum
1251 2732 1423 2795 inter
1456 2732 1697 2796 fluctus
1730 2739 1988 2795 arrecta
2018 2730 2344 2814 iubaeque

627 2834 1051 2916 Sanguineae
1087 2845 1408 2918 superant
1440 2835 1655 2899 undas
1682 2858 1697 2913 ;
1748 2855 1904 2918 pars
1936 2842 2157 2899 cetera
2189 2843 2469 2917 pontum

627 2938 808 3001 Pone
839 2938 1003 3021 legit
1036 2939 1386 3022 sinuatque
1421 2939 1747 3002 immensa
1779 2939 2114 3003 volumine
2145 2948 2353 3019 terga.

578 3069 588 3082 ·
627 3042 737 3104 Fit
768 3043 1024 3107 sonitus
1057 3050 1413 3125 spumante
1450 3044 1629 3120 sa163
1680 3045 1946 3125 iamque
1980 3062 2138 3105 arva
2168 3040 2507 3119 tenebant,

431 3171 542 3210 210
622 3130 1095 3229 erentesque
1129 3149 1356 3210 oculos
1390 3148 1664 3211 suffecti
1694 3146 2020 3228 sanguine
2052 3155 2122 3209 et
2152 3132 2309 3227 igni,

627 3248 835 3314 Sibila
866 3250 1249 3315 lambebant
1282 3252 1528 3334 linguis
1559 3251 1973 3314 vibrantibus
2005 3258 2138 3313 ora.

627 3353 1044 3436 Diffugimus
1078 3363 1218 3418 visu
1254 3363 1648 3437 exsangues
1749 3355 1853 3418 Illi
1883 3354 2151 3436 agmine
2182 3360 2365 3417 certo

625 3458 1013 3522 Laocoonta
1048 3468 1283 3541 petunt
1311 3480 1325 3534 ;
1375 3470 1442 3523 et
1476 3469 1759 3541 primum
1799 3479 2007 3541 parva
2038 3458 2319 3521 duorum

621 3562 923 3645 Corpora
958 3570 1262 3626 natorum
1301 3570 1577 3644 serpens
1612 3562 1957 3645 amplexus
1991 3572 2271 3643 uterque

424 3693 529 3745 215
628 3666 938 3748 Implicat
970 3677 1036 3729 et
1071 3666 1346 3731 miseros
1382 3674 1603 3730 morsu
1638 3666 2019 3748 depascitur
2052 3672 2235 3728 artus
2262 3686 2277 3742 ;

619 3770 780 3835 Post
811 3770 1050 3856 ipsum,
1087 3770 1330 3838 auxilio
1363 3769 1759 3847 subeuntem
1792 3790 1870 3832 ac
1904 3770 2037 3832 tela
2070 3771 2416 3846 ferentem,
