3015 4288
448 260 530 330 34

449 1186 515 1240 95

456 1707 550 1744 100

458 2227 550 2280 105

458 2746 551 2782 110

200 3041 557 3189 fi

310 3145 401 3174 μιν

459 3265 549 3318 ¹15

461 3789 552 3827 120

1169 257 1486 310 VERGILI
1540 256 1939 310 AENEIDOS

627 418 937 517 {Eripiunt
968 434 1189 499 subito
1220 434 1433 497 nubes
1465 435 1860 517 caelumque
1892 435 2202 519 diemque

625 538 1032 602 Teucrorum
1064 559 1145 602 ex
1176 539 1388 602 oculis
1414 557 1431 615 3
1480 547 1689 621 ponto
1720 559 1856 602 nox
1885 538 2156 602 incubat
2185 548 2349 603 atra.

627 642 987 705 Intonuere
1021 642 1172 724 poli,
1209 650 1276 704 et
1307 641 1559 705 crebris
1592 642 1794 705 micat
1825 642 2091 724 ignibus
2123 643 2375 719 aether,

629 746 1191 828 Praesentemque
1223 745 1380 808 viris
1413 745 1751 809 intentant
1781 745 2005 809 omnia
2038 755 2337 810 mortem.

631 850 985 931 Extemplo
1017 850 1296 913 Aeneae
1328 850 1676 913 solvuntur
1707 851 1956 932 frigore
1989 849 2326 927 membra;

630 953 940 1035 Ingemit,
974 962 1042 1018 et
1072 953 1374 1036 duplices
1405 954 1692 1017 tendens
1723 954 1808 1016 ad
1842 954 2058 1017 sidera
2090 955 2348 1037 palmas

627 1056 818 1120 Talia
848 1065 1012 1122 voce
1043 1058 1287 1121 refert:
1340 1062 1375 1091 “
1397 1044 1460 1122 O
1494 1068 1729 1140 terque
1762 1069 2131 1141 quaterque
2161 1059 2356 1135 beati,
2466 1096 2470 1101 ·
2526 1053 2531 1059 ’

628 1160 795 1243 Quis
827 1171 984 1224 ante
1013 1169 1131 1225 ora
1163 1171 1429 1245 patrum
1464 1163 1704 1225 Troiae
1740 1162 1862 1225 sub
1896 1161 2244 1225 moenibus
2275 1163 2424 1225 altis

630 1264 927 1346 Contigit
957 1267 1317 1347 oppetere!
1368 1274 1410 1329 ὃ
1445 1267 1759 1328 Danaum
1794 1265 2155 1330 fortissime
2185 1265 2407 1349 gentis

627 1368 926 1452 Tydide!
976 1376 1170 1433 mene
1203 1355 1427 1434 iliacis
1459 1370 1854 1433 occumbere
1885 1380 2139 1451 campis

633 1473 788 1536 Non
822 1474 1136 1555 potuisse,
1171 1481 1420 1556 tuaque
1453 1476 1746 1536 animam
1779 1474 1955 1537 hanc
1985 1473 2335 1537 effundere
2367 1474 2617 1550 dextra,

632 1577 890 1642 Saevus
922 1576 1037 1639 ubi
1067 1577 1410 1640 Aeacidae
1441 1577 1576 1640 telo
1608 1576 1778 1640 iacet
1813 1578 2088 1653 Hector,
2123 1576 2240 1639 ubi
2271 1576 2511 1658 ingens

631 1681 998 1764 Sarpedon,
1033 1679 1146 1744 ubi
1177 1690 1275 1744 tot
1310 1681 1553 1745 Simois
1585 1691 1893 1763 correpta
1924 1681 2047 1744 sub
2081 1680 2274 1743 undis

632 1785 839 1849 Senta
869 1786 1083 1848 virum
1115 1786 1477 1867 galeasque
1509 1794 1576 1847 et
1609 1785 1808 1847 fortia
1839 1805 2119 1867 corpora
2149 1783 2400 1848 volvit?
2420 1783 2458 1811 ''

716 1889 908 1952 Talia
938 1888 1213 1951 iactanti
1246 1888 1530 1951 stridens
1563 1888 1901 1970 Aquilone
1936 1888 2227 1971 procella

628 1993 871 2058 Velum
904 1992 1184 2055 adversa
1215 1992 1388 2067 ferit,
1424 1990 1800 2074 fluctusque
1832 1992 1917 2054 ad
1950 1991 2168 2055 sidera
2197 1991 2389 2056 tollit.

634 2098 1064 2179 Franguntur
1096 2103 1292 2172 remi3
1343 2105 1485 2159 tum
1520 2103 1717 2177 prora
1747 2095 2005 2172 avertit,
2040 2104 2108 2159 et
2140 2095 2334 2159 undis

635 2202 774 2265 Dat
805 2201 1013 2277 latus;
1063 2202 1435 2282 insequitur
1466 2200 1734 2263 cumulo
1768 2210 2167 2282 praeruptus
2204 2220 2419 2282 aquae
2451 2208 2650 2263 mons-

635 2305 730 2368 Hi
760 2312 1020 2367 summo
1051 2303 1117 2366 in
1151 2304 1353 2366 fluctii
1390 2304 1706 2385 pendent,
1742 2304 1848 2366 his
1879 2304 2059 2367 unda
2091 2303 2443 2368 dehiscens

631 2410 908 2472 Terram
941 2407 1114 2471 inter
1144 2407 1385 2470 fluctiis
1418 2409 1672 2489 aperit3
1721 2406 1882 2470 furit
1913 2416 2139 2471 aestus
2170 2408 2456 2471 harenis·

630 2512 799 2576 Tres
833 2512 1051 2575 Notus
1084 2511 1399 2592 abreptas
1432 2509 1499 2572 in
1533 2530 1691 2573 saxa
1722 2509 2001 2573 latentia
2033 2519 2297 2593 torquet
2316 2546 2410 2558 —

633 2616 807 2681 Saxa
838 2624 1080 2679 vocant
1114 2615 1272 2678 Itali
1303 2613 1538 2677 mediis
1570 2634 1744 2697 quae
1773 2613 1843 2676 in
1876 2613 2187 2677 fluctibus
2219 2599 2418 2691 Ᾰτῑιε,

635 2720 926 2782 Dorsum
960 2718 1251 2782 immane
1283 2727 1451 2781 mari
1482 2726 2003 2781 summo—tres
2037 2717 2258 2781 Eurus
2287 2717 2374 2781 ab
2405 2717 2543 2781 alto

635 2822 717 2885 In
746 2822 974 2886 brevia
1004 2833 1073 2886 et
1104 2830 1320 2906 syrtes
1352 2832 1654 2904 urget—
1675 2821 2049 2885 miserabile
2080 2828 2224 2885 visfi
2245 2856 2334 2869 —

635 2927 992 3010 Inliditque
1023 2927 1211 2990 vadis
1244 2937 1446 3009 atque
1479 2946 1730 3007 aggere
1754 2926 1963 3008 cingit
1993 2926 2302 2990 harenae.

635 3015 878 3108 Unam,
913 3051 1085 3115 quae
1113 3030 1357 3116 Lycios
1393 3031 1741 3112 fidumque
1774 3029 2061 3094 vehebat
2095 3028 2420 3108 Oronten,

636 3136 858 3217 Ipsius
889 3145 1044 3199 ante
1080 3136 1307 3199 oculos
1338 3135 1578 3234 ingens
1612 3142 1651 3197 εἶ
1682 3133 1928 3197 vertice
1961 3141 2207 3216 pontus

634 3240 715 3302 In
751 3238 1030 3322 puppim
1064 3238 1218 3303 ferit
1246 3258 1261 3302 :
1308 3241 1636 3303 excutitur
1668 3246 2053 3322 pronusque
2085 3237 2405 3321 magister

631 3343 938 3408 Volvitur
968 3344 1036 3407 in
1070 3353 1308 3425 caput;
1358 3352 1464 3406 ast
1494 3343 1807 3407 illam⁶ter
1839 3342 2079 3406 fluctus
2111 3342 2356 3432 ibidem

630 3449 928 3530 Torquet
961 3455 1169 3530 agens
1202 3447 1470 3523 circum,
1497 3456 1566 3511 et
1596 3447 1868 3528 rapidus
1891 3454 2082 3510 vorat
2104 3465 2395 3528 aequore
2415 3453 2651 3511 vertex.

633 3552 987 3635 Apparent
1020 3559 1151 3616 rari
1180 3558 1418 3615 nantes
1451 3551 1517 3612 in
1551 3549 1817 3632 gurgite
1848 3558 2055 3624 vasto,

633 3659 845 3720 Arma
876 3656 1109 3732 virum,
1142 3655 1561 3737 tabulaeque,
1596 3664 1661 3717 et
1693 3655 1896 3716 Troia
1927 3674 2093 3735 gaza
2126 3674 2246 3737 per
2277 3655 2508 3717 undas,

639 3762 781 3824 Iam
815 3758 1103 3824 validam
1133 3743 1375 3823 ilionei
1407 3764 1666 3832 navem,
1701 3757 1833 3818 iam
1866 3756 2056 3835 fortis
2089 3757 2414 3832 Achatae,
