3015 4288
387 269 581 371 62*

385 792 477 828 220

381 1309 476 1365 225

385 1831 479 1884 ²30

384 2348 477 2403 23⁵

385 2869 479 2916 240

385 3385 478 3438 245

1112 267 1430 327 VERGILI
1483 272 1885 327 AENEIDOS

559 453 963 537 Corripiunt‚
998 461 1326 536 spirisque
1359 451 1572 534 ligant
1602 452 2027 535 ingentibus;
2074 463 2143 518 et
2170 451 2304 517 iam

563 557 676 621 Bis
707 558 997 621 medium
1031 556 1335 639 amplexi,
1372 555 1474 619 bis
1507 556 1679 620 collo
1711 564 2032 640 squamea
2061 557 2309 620 circum

557 662 782 743 Terga
812 661 969 736 dati,
1004 668 1326 743 superant
1357 659 1578 742 capite
1610 669 1678 724 et
1709 660 2080 724 cervicibus
2111 661 2280 725 altis.

568 764 690 828 Ille
723 764 917 828 simul
952 764 1258 827 manibus
1290 762 1509 827 tendit
1541 764 1854 828 divellere
1885 765 2114 842 nod6S,

559 870 880 933 Perfusus
906 868 1090 931 sanie
1122 868 1322 931 vittas
1353 874 1633 950 atroque
1663 875 1943 947 veneno,

558 973 901 1038 Clamores
932 972 1127 1035 simul
1160 971 1530 1036 horrendos
1565 973 1649 1036 ad
1682 973 1900 1038 sidera
1929 973 2124 1050 tollit,

557 1076 794 1160 Qualis
826 1084 1137 1159 mugituS,
1175 1076 1354 1159 fugit
1385 1097 1538 1141 cum
1572 1078 1837 1142 saucius
1867 1085 2050 1141 aram

556 1181 819 1244 Taurus
850 1190 918 1245 et
950 1181 1271 1245 incertam
1306 1181 1599 1245 excussit
1630 1191 1887 1254 cervice
1918 1180 2220 1246 securim.

560 1283 657 1348 At
686 1285 937 1368 gemini
965 1286 1159 1369 lapsu
1193 1285 1474 1349 delubra
1504 1286 1590 1349 ad
1624 1306 1885 1350 summa
1924 1286 2247 1350 dracones

559 1388 916 1472 Effugiunt
946 1410 1321 1474 saevaeque
1355 1400 1593 1474 petunt
1623 1390 1985 1454 Tritonidis
2016 1409 2258 1467 arcem,

557 1492 700 1558 Sub
731 1493 1148 1577 pedibusque
1179 1495 1346 1559 deae
1378 1494 1711 1578 clipeique
1743 1494 1868 1557 sub
1899 1494 2060 1558 orbe
2091 1503 2426 1576 teguntur.

557 1597 733 1662 Tum
765 1606 926 1663 vero
954 1600 1356 1663 tremefacta
1388 1620 1603 1664 novus
1637 1619 1758 1683 per
1789 1608 2060 1682 pectora
2091 1605 2349 1662 cunctis

557 1685 867 1765 insinuat
897 1719 1123 1782 pavor,
1159 1709 1228 1764 et
1258 1699 1477 1764 scelus
1510 1699 1911 1782 expendisse
1944 1707 2311 1762 merentem

562 1804 951 1868 Laocoonta
983 1803 1229 1881 ferunt,
1265 1824 1530 1867 sacrum
1563 1813 1679 1886 qui
1709 1802 1989 1886 cuspide
2020 1802 2220 1866 robur

563 1907 866 1971 Laeserit
894 1915 963 1971 et
993 1915 1187 1990 tergo
1218 1908 1613 1972 sceleratam
1646 1906 1984 1971 intorserit
2014 1907 2294 1970 hastam.

559 2010 960 2075 Ducendum
988 2012 1078 2074 ad
1112 2012 1307 2076 sedes
1339 2012 1766 2075 simulacrum
1797 2011 2185 2094 orandaque
2211 2009 2407 2074 divae

561 2114 860 2180 Numina
891 2116 1329 2202 conclamant.

652 2219 1027 2283 Dividimus
1058 2226 1284 2284 muros
1315 2229 1383 2284 et
1415 2220 1679 2284 moenia
1711 2220 2067 2303 pandimus
2096 2217 2298 2283 urbiS.

561 2323 950 2406 Accingunt
979 2331 1214 2387 omnes
1246 2334 1448 2406 operi,
1486 2324 1902 2407 pedibusque
1935 2331 2229 2389 rotarum

558 2426 905 2493 Subiciunt
935 2427 1184 2511 lapst’m,
1219 2437 1288 2492 et
1318 2437 1606 2510 stuppea
1636 2428 1901 2491 vincula
1931 2427 2102 2492 collo

559 2531 949 2595 Intendunt.
1045 2531 1324 2597 Scandit
1354 2532 1581 2595 fatalis
1615 2532 1925 2596 machina
1955 2538 2200 2608 muros,

561 2635 729 2699 Feta
759 2645 978 2698 armis.
1077 2636 1271 2698 Pueri
1301 2637 1548 2699 circum
1582 2637 2036 2719 innuptaeque
2069 2635 2332 2718 puellae

560 2738 768 2803 Sacra
798 2747 1067 2815 canunt,
1101 2738 1470 2822 funemque
1502 2747 1707 2803 mant‘i
1741 2740 2128 2822 contingere
2159 2737 2471 2821 gaudent.

563 2842 689 2905 Illa
719 2841 914 2919 subit,
949 2842 1342 2926 mediaeque
1375 2843 1638 2908 minans
1669 2844 1984 2907 inlabitur
2015 2843 2177 2906 urbi.

559 2929 623 3010 ὃ
656 2945 888 3028 patria,
922 2954 964 3010 ὃ
994 2946 1219 3011 divum
1251 2948 1490 3012 domus
1523 2932 1742 3024 ilium,
1776 2957 1846 3012 et
1876 2947 2124 3012 incluta
2155 2946 2331 3010 bello

561 3050 834 3114 Moenia
870 3051 1331 3115 Dardanidum
1360 3053 1373 3115 l
1423 3062 1662 3135 quater
1691 3054 1840 3135 ipso
1872 3051 1938 3113 in
1972 3049 2195 3114 limine
2229 3058 2461 3132 portae
2577 3136 2582 3140 ⁸

560 3153 886 3232 Substitit,
921 3165 1121 3240 atque
1155 3165 1344 3221 utero
1378 3160 1668 3222 sonitum
1705 3167 1939 3242 quater
1970 3174 2154 3218 arma
2184 3154 2429 3218 dedere
2448 3171 2466 3227 ;

559 3240 898 3322 instamus
927 3268 1151 3325 tamen
1185 3261 1606 3327 immemores
1637 3272 1952 3343 caecique
1984 3260 2227 3334 furore,

563 3361 652 3423 Et
681 3369 1048 3427 monstrum
1082 3366 1311 3429 infelix
1342 3373 1601 3430 saerata
1634 3366 1928 3430 sistimus
1961 3383 2128 3427 aree.

557 3463 751 3559 'func
783 3468 980 3529 etiam
1015 3469 1170 3532 fatis
1203 3469 1419 3552 aperit
1455 3470 1836 3535 Cassandra
1867 3470 2112 3531 futuris

559 3567 717 3646 Ora,
751 3569 859 3633 dei
890 3570 1071 3635 iussu
1106 3580 1239 3636 non
1274 3594 1589 3655 umquam
1624 3574 1873 3637 credita
1904 3573 2200 3635 Teucris,

563 3672 707 3736 Nos
739 3674 1012 3738 delubra
1045 3677 1243 3741 deum
1277 3677 1518 3754 miseri,
1554 3677 1794 3760 quibus
1827 3676 2096 3739 ultimus
2128 3682 2308 3738 esset

563 3774 688 3839 Ille
717 3776 877 3856 dies
914 3780 1088 3844 festa
1117 3782 1417 3845 velimus
1449 3781 1689 3845 fronde
1722 3773 1842 3863 per
1874 3780 2120 3846 urbem.
