3015 4288
456 264 573 326 182

448 571 509 625 25

445 1612 509 1668 ³⁵

440 3487 505 3542 50

1161 267 1478 324 VERGILI
1530 267 1691 324 AEN
1697 266 1930 325 EIDOS

622 446 854 531 Atque
885 449 1121 531 fugam
1154 448 1356 525 dedit,
1390 457 1459 512 et
1485 458 1754 531 praeter
1784 450 1959 513 vada
1991 451 2250 515 fervida
2279 450 2472 516 vexit.

717 552 995 636 Iamque
1025 553 1423 617 rubescebat
1454 553 1658 616 radiis
1691 573 1893 631 mare,
1927 564 1995 618 et
2026 556 2295 620 aethere
2327 555 2413 619 ab
2444 556 2581 619 alto

623 656 891 721 Aurora
920 656 989 720 in
1020 657 1229 721 roseis
1259 657 1567 739 fulgebat
1598 657 1782 721 lutea
1812 656 2005 740 bigis,

627 761 796 827 Cum
827 761 1011 826 venti
1042 782 1345 845 posuere,
1380 763 1731 846 omnisque
1763 773 2038 846 repente
2071 764 2319 829 resedit

626 865 878 943 Flatus,
911 876 979 931 et
1007 867 1076 930 in
1109 866 1290 932 lento
1322 867 1661 931 luctantur
1692 888 2020 932 marmore
2050 877 2302 933 tonsae.

622 970 855 1054 Atque
886 971 994 1035 hic
1023 971 1299 1036 Aeneas
1331 971 1676 1055 ingentem
1711 993 1794 1037 ex
1826 993 2115 1057 aequore
2148 972 2371 1038 lucum

624 1075 967 1159 Prospicit.
1066 1076 1268 1141 Hunc
1300 1076 1473 1140 inter
1501 1077 1704 1142 fluvio
1737 1076 2093 1141 Tiberinus
2123 1096 2428 1153 amoeno,

622 1178 1003 1244 Verticibus
1033 1180 1302 1264 rapidis,
1336 1190 1407 1244 et
1437 1180 1649 1244 multa
1681 1180 1893 1245 flavus
1924 1181 2195 1257 harena,

626 1281 709 1346 In
738 1303 923 1348 mare
953 1284 1344 1367 prorumpit.
1438 1284 1686 1349 Variae
1717 1286 2100 1368 circumque
2129 1302 2468 1368 supraque

621 1386 971 1452 Adsuetae
999 1389 1163 1472 ripis
1190 1388 1497 1453 volucres
1529 1398 1598 1452 et
1627 1388 1919 1452 fluminis
1949 1389 2140 1453 alveo

620 1490 925 1555 Aethera
955 1491 1336 1556 mulcebant
1367 1502 1591 1568 cantu,
1628 1491 1911 1576 lucoque
1942 1491 2273 1557 volabant.

625 1594 930 1659 Flectere
958 1597 1086 1659 iter
1116 1595 1312 1660 sociis
1342 1604 1697 1678 terraeque
1728 1595 2088 1660 advertere·
2106 1616 2341 1679 proras

624 1697 943 1781 Imperat,
974 1708 1045 1763 et
1074 1699 1291 1763 laetus
1320 1697 1526 1762 fluvio
1558 1700 1856 1763 succedit
1886 1719 2117 1783 opaco.

714 1905 916 1972 Nunc
945 1927 1091 1988 age,
1125 1907 1239 1991 qui
1270 1928 1483 1989 regeS,
1522 1908 1750 1985 Erat0,
1784 1891 2292 1992 quaetempora
2322 1928 2562 1984 rerum,

623 2009 795 2093 Quis
829 2010 1024 2074 Latio
1056 2013 1333 2093 antiquo
1364 2012 1568 2075 fuerit
1599 2021 1833 2089 status,
1868 2012 2129 2075 advena
2160 2012 2439 2076 classem

622 2114 793 2182 Cum
826 2114 1113 2199 primum
1147 2115 1472 2181 Ausoniis
1505 2115 1837 2181 exercitus
1867 2115 2125 2200 appulit
2155 2117 2307 2193 oriS,

611 2218 1010 2302 Expediam,
1043 2229 1111 2284 et
1142 2221 1398 2303 primae
1428 2220 1758 2285 revocabo
1789 2221 2059 2285 exordia
2090 2241 2375 2304 pugnae.

618 2323 727 2388 Tu
757 2333 998 2401 vatem,
1031 2333 1123 2401 tu,
1157 2324 1330 2401 diva,
1362 2344 1580 2389 mone.
1678 2324 1920 2389 Dicam
1951 2324 2219 2389 horrida
2246 2324 2440 2402 bella,

623 2426 861 2491 Dicam
894 2429 1089 2504 acies,
1123 2438 1441 2510 actosque
1471 2428 1712 2493 animis
1743 2429 1812 2491 in
1846 2429 2087 2492 funera
2115 2449 2328 2511 regeS,

619 2532 1171 2618 Tyrrhenamque
1202 2552 1493 2609 manum,
1528 2542 1875 2617 totamque
1907 2531 2032 2596 sub
2064 2552 2249 2597 arma
2281 2542 2581 2597 coactam

621 2635 1042 2719 Hesperiam.
1139 2635 1360 2700 Malor
1389 2655 1614 2699 rerum
1645 2637 1809 2699 mihi
1837 2637 2134 2701 nascitur
2161 2636 2344 2712 orde,

620 2737 844 2804 Maius
874 2758 1045 2823 opus
1075 2758 1329 2804 moveo,

1405 2949 1556 3014 Rex
1586 2970 1747 3014 arva
1782 2949 2063 3014 Latinus
2095 2959 2164 3015 et
2194 2949 2392 3014 urbes

619 3052 766 3117 Iam
797 3054 1020 3118 senior
1049 3053 1255 3136 longa
1285 3052 1588 3138 placidas
1618 3054 1689 3116 in
1721 3073 1889 3136 pace
1921 3051 2211 3135 regebat.

617 3156 822 3221 Hunc
855 3157 1092 3221 Fauno
1122 3167 1192 3221 et
1222 3158 1525 3243 nympha
1555 3158 1857 3239 genitum
1895 3156 2232 3221 Laurente
2266 3156 2522 3220 Marica

616 3258 1009 3342 Accipimus
1028 3282 1046 3339 ;
1097 3261 1334 3324 Fauno
1369 3261 1564 3324 Picus
1598 3270 1830 3343 pater;
1878 3258 2070 3344 isque
2102 3269 2446 3343 parentem

614 3363 732 3439 Te,
768 3363 1075 3441 Saturne,
1109 3366 1352 3441 refert;
1401 3374 1472 3428 tu
1505 3365 1853 3446 sanguinis
1887 3365 2160 3429 ultimus
2191 3373 2438 3428 auctor.

618 3466 828 3531 Filius
858 3468 1012 3534 huic
1045 3470 1187 3533 fato
1220 3471 1445 3534 divum
1480 3469 1835 3552 prolesque
1867 3470 2072 3533 virilis

618 3572 820 3636 Nulla
853 3574 998 3651 fuit,
1034 3576 1381 3658 primaque
1413 3574 1634 3638 oriens
1666 3584 1898 3655 erepta
1930 3573 2200 3638 iuventa
2229 3579 2348 3636 est.

616 3677 774 3742 Sola
804 3679 1076 3743 domum
1109 3688 1177 3742 et
1206 3688 1429 3742 tantas
1461 3677 1773 3741 servabat
1803 3677 1940 3740 filia
1971 3677 2183 3753 sedeS,

616 3782 758 3846 Iam
793 3791 1053 3845 matura
1082 3784 1243 3859 viro,
1278 3783 1408 3846 iam
1443 3783 1661 3865 plenis
1693 3780 1936 3845 nubilis
1966 3780 2176 3844 annis.
