3015 4288
346 769 450 821 διο

347 1292 445 1359 8ι5

348 1813 450 1862 820

351 2331 450 2399 825

355 2850 460 2915 830

1093 265 1163 321 LI
1173 265 1326 319 BER
1375 266 1484 320 UN
1489 266 1841 322 DECIMUS
2444 272 2573 342 309

530 444 818 512 Laetitia
849 446 1190 529 mixtoque
1224 456 1425 523 metu,
1460 467 1586 511 nec
1618 447 1749 511 iam
1783 447 2075 531 amplius
2106 446 2342 513 hastae

526 551 836 629 Credere,
872 571 998 615 nec
1030 551 1179 614 telis
1211 567 1560 615 occurrere
1584 551 1860 634 virginis
1890 552 2112 615 audet.

526 656 634 720 Ac
663 656 846 720 velut
878 655 1006 731 ille,
1042 654 1227 737 prius
1259 675 1458 737 quam
1492 655 1629 719 tela
1660 655 1926 719 inimica
1958 665 2345 738 sequantur,

525 759 861 825 Continuo
892 759 960 822 in
994 769 1257 822 montes
1289 779 1438 823 sese
1469 759 1658 823 avius
1689 759 1943 823 abdidit
1974 760 2146 824 altos

525 864 772 929 Occiso
804 872 1074 946 pastore
1106 864 1306 946 lupus
1339 883 1672 946 magnove
1702 863 2003 940 iuvenc0,

527 967 852 1034 Conscius
884 967 1159 1032 audacis
1191 967 1829 1050 facti,‚caudamque
1859 968 2238 1033 remulcens

526 1071 825 1139 Subiecit
856 1073 1271 1155 pavitantem
1303 1081 1512 1148 utero,
1548 1072 1882 1154 silvasque
1915 1071 2187 1154 petivit:

530 1176 735 1241 Haud
766 1195 961 1240 secus
991 1196 1073 1241 ex
1104 1176 1314 1240 oculis
1347 1196 1419 1240 se
1448 1175 1754 1239 turbidus
1785 1175 2058 1239 abstulit
2090 1175 2376 1252 Arruns,

528 1281 1036 1364 Contentusque
1068 1280 1236 1364 fuga
1268 1280 1504 1344 mediis
1537 1299 1610 1343 se
1642 1278 2000 1344 immiscuit
2030 1280 2250 1343 armis.

529 1386 654 1449 Illa
685 1405 888 1448 manu
921 1386 1212 1449 moriens
1242 1385 1449 1448 telum
1483 1383 1727 1460 trahit3
1775 1404 1929 1447 ossa
1960 1383 2079 1447 sed
2108 1383 2288 1447 inter

529 1489 815 1553 Ferreus
846 1489 931 1552 ad
963 1498 1185 1552 costas
1218 1488 1353 1552 alto
1385 1497 1521 1552 stat
1549 1489 1826 1551 vulnere
1859 1506 2106 1551 mucro,

531 1592 810 1657 Labitur
839 1594 1239 1675 exsanguis;
1287 1592 1603 1656 labuntur
1633 1591 1881 1674 frigida
1912 1591 2045 1656 leto

531 1697 854 1774 Lumina;
903 1717 1282 1779 purpureus
1314 1696 1653 1780 quondam
1686 1696 1868 1760 color
1899 1716 2017 1759 ora
2047 1694 2333 1779 reliquit.

615 1800 793 1864 Tum
824 1801 919 1864 sic
950 1801 1296 1882 exspirans
1329 1798 1605 1876 Accam,
1640 1819 1722 1862 ex
1753 1798 2144 1882 aequalibus
2176 1819 2401 1876 unam,

529 1903 953 1987 Adloquitur,
987 1903 1121 1967 fida
1151 1913 1310 1967 ante
1342 1903 1509 1967 alias
1540 1923 1711 1986 quae
1743 1903 1889 1967 sola
1921 1901 2262 1979 Camillae,

530 2007 820 2090 Quicum
853 2007 1084 2091 partiri
1115 2027 1329 2086 curas,
1365 2017 1568 2091 atque
1600 2008 1765 2071 haec
1796 2007 1890 2071 ita
1919 2008 2139 2071 fatur:

534 2117 571 2146 “
595 2112 966 2188 HactenuS,
1000 2111 1191 2177 Acca
1222 2132 1425 2189 soror,
1461 2111 1685 2195 potui;
1726 2131 1905 2176 nunc
1936 2112 2180 2176 vulnus
2212 2110 2524 2177 acerbum

531 2215 833 2289 Conficit,
867 2226 934 2280 et
964 2216 1259 2280 tenebris
1291 2217 1682 2299 nigrescunt
1712 2216 1936 2280 omnia
1966 2215 2235 2280 circum.

535 2321 786 2402 Effuge
817 2329 886 2383 et
916 2320 1084 2384 haec
1115 2320 1348 2383 Turno
1381 2319 1699 2383 mandata
1730 2319 2094 2384 novissima
2126 2320 2353 2402 perfer
2380 2338 2396 2382 z

533 2424 863 2489 Succedat
895 2444 1166 2506 pugnae
1197 2424 1659 2506 Troianosque
1690 2432 1916 2487 arceat
1945 2422 2127 2487 urbe.

534 2527 813 2610 Iamque
842 2527 1055 2591 vale.''
1151 2527 1366 2592 Simul
1398 2528 1504 2590 his
1535 2527 1730 2591 dictis
1760 2526 2106 2610 linquebat
2135 2527 2453 2605 habenas,

533 2632 647 2696 Ad
678 2640 924 2695 terram
960 2652 1093 2695 non
1128 2640 1370 2714 sponte
1402 2631 1636 2694 fluens.
1731 2631 1906 2694 Tum
1940 2630 2184 2712 frigida
2216 2640 2356 2695 toto

535 2734 860 2799 Paulatim
893 2734 1175 2799 exsolvit
1207 2754 1279 2798 se
1312 2754 1611 2817 corpore,
1647 2734 1958 2817 lentaque
1990 2735 2162 2798 colla

538 2840 626 2903 Et
655 2848 929 2921 captum
960 2839 1093 2903 leto
1125 2838 1349 2922 posuit
1379 2849 1603 2921 caput,
1638 2857 1823 2901 arma
1854 2838 2238 2921 relinquens
2264 2858 2280 2914 ;

532 2942 824 3025 Vitaque
855 2962 1009 3006 cum
1040 2943 1295 3024 gemitu
1328 2943 1505 3026 fugit
1535 2941 1884 3025 indignata
1915 2941 2038 3004 sub
2072 2942 2362 3006 umbras.

534 3046 710 3110 Tum
741 3066 901 3110 vero
931 3046 1299 3111 immensus
1329 3066 1613 3128 surgens
1645 3046 1801 3109 ferit
1831 3065 2033 3108 aurea
2064 3045 2314 3109 clamor

539 3149 775 3215 Sidera
800 3169 816 3226 ;
864 3150 1124 3214 deiecta
1155 3149 1488 3237 crudescit
1521 3169 1752 3232 pugna
1783 3148 2065 3213 Camilla
2090 3168 2107 3225 ;

537 3253 900 3318 Incurrunt
929 3253 1121 3318 densi
1151 3253 1347 3319 simul
1377 3254 1595 3317 omnis
1627 3253 1821 3337 copia
1850 3253 2186 3316 Teucrum

535 3358 1005 3443 Tyrrhenique
1036 3358 1242 3422 duces
1274 3357 1704 3440 Euandrique
1737 3356 2041 3420 Arcades
2072 3356 2237 3420 alae.

626 3462 725 3527 At
752 3462 1022 3526 Triviae
1053 3471 1277 3525 custos
1307 3460 1696 3524 iamdudum
1729 3460 1799 3523 in
1831 3459 2167 3524 montibus
2199 3459 2373 3543 Opis

534 3566 699 3630 Alta
730 3566 917 3631 sedet
941 3565 1237 3642 summis,
1271 3574 1667 3647 spectatque
1698 3563 1998 3627 interrita
2029 3583 2315 3647 pugnaS.

540 3670 770 3752 thue
803 3670 1032 3753 procul
1065 3669 1284 3732 medio
1314 3670 1631 3732 iuvenum
1664 3668 1732 3730 in
1765 3668 2055 3731 clamore
2087 3667 2431 3731 furentum

544 3772 887 3857 Prospexit
916 3773 1089 3836 tristi
1119 3773 1479 3836 mulcatam
1512 3780 1725 3836 morte
1760 3771 2130 3848 Camillam,
