3015 4288
491 1860 525 1922 ⁵

462 2385 525 2423 10

460 2900 520 2961 15

1000 785 1085 859 P.
1159 782 1627 859 VERGILI
1708 783 2223 860 MARONIS

1144 937 1989 1076 AENEI'Dos

1099 1268 1104 1272 ’
1183 1259 1476 1324 LIBER
1544 1260 1978 1328 DECIMUS

671 1444 679 1451 ·
727 1424 1048 1491 Panditur
1077 1427 1331 1491 interea
1362 1427 1601 1491 domus
1633 1429 2109 1510 omnipotentis
2143 1428 2438 1514 Olympi,

639 1528 1148 1613 Conciliumque
1180 1539 1374 1594 vocat
1405 1530 1631 1594 divum
1665 1542 1857 1615 pater
1888 1542 2089 1614 atque
2123 1533 2463 1596 hominum
2496 1552 2612 1596 rex

639 1633 984 1699 Sideream
1019 1633 1084 1696 in
1119 1619 1365 1709 sedem,
1401 1644 1610 1697 terras
1642 1635 1818 1698 unde
1852 1636 2097 1699 arduus
2129 1656 2362 1699 omnes

638 1736 1010 1821 Castraque
1046 1737 1507 1801 Dardanidum
1543 1748 1845 1820 aspectat
1879 1740 2294 1821 populosque
2333 1738 2621 1802 Latinos

639 1840 1017 1909 Considunt
1048 1840 1240 1904 tectis
1274 1841 1762 1924 bipatentibus3
1811 1841 2043 1924 incipit
2073 1844 2256 1924 ipse:

640 1952 677 1981 ‘⁴
699 1944 1072 2012 Caelicolae
1106 1945 1349 2026 magni,
1386 1945 1698 2028 quianam
1732 1945 2063 2009 sententia
2094 1946 2282 2010 vobis

634 2050 850 2115 Versa
881 2058 1075 2125 retro,
1110 2058 1504 2131 tantumque
1537 2049 1776 2112 animis
1808 2049 2078 2113 certatis
2108 2049 2389 2133 iniquis?

636 2153 1031 2218 Abnueram
1062 2151 1238 2217 bello
1274 2154 1537 2217 Italiam
1563 2174 1956 2218 concurrere
1988 2155 2283 2218 Teucris.

637 2257 829 2340 Quae
862 2266 1092 2320 contra
1123 2256 1401 2320 vetitum
1435 2257 1812 2321 discordia?
1859 2258 2007 2340 quis
2040 2267 2256 2322 metus
2289 2268 2404 2321 aut
2435 2258 2556 2322 hos

635 2361 780 2426 Aut
812 2363 933 2423 hos
967 2381 1150 2424 arma
1184 2361 1374 2444 sequi
1406 2361 1792 2444 ferrumque
1826 2361 2152 2425 lacessere
2187 2360 2442 2427 suasit?

634 2465 974 2529 Adveniet
1005 2464 1251 2527 iustum
1288 2485 1578 2547 pugnae,
1614 2485 1700 2528 ne
1732 2466 2064 2542 arcessite,
2093 2474 2376 2547 tempus

634 2569 807 2635 Cum
838 2568 985 2632 fera
1020 2568 1369 2651 Karthago
1409 2569 1731 2632 Romanis
1766 2568 2026 2632 arcibus
2058 2568 2211 2633 olim

637 2672 926 2737 Exitium
959 2692 1280 2754 magnum
1313 2681 1515 2755 atque
1548 2673 1767 2755 Alpes
1798 2671 2108 2735 immittet
2138 2682 2440 2754 apertas3

632 2778 808 2841 Tum
839 2786 1094 2840 certare
1126 2775 1313 2852 odiis,
1350 2785 1491 2839 tum
1528 2796 1634 2839 res
1665 2776 1965 2858 rapuisse
1999 2775 2237 2839 licebit.

637 2880 834 2943 Nunc
868 2879 1080 2955 sinite,
1118 2888 1187 2943 et
1219 2878 1556 2962 placidum
1591 2879 1749 2943 laeti
1779 2879 2159 2961 componite
2192 2878 2492 2943 foedus.”

724 2982 1029 3065 Iuppiter
1061 2983 1227 3047 haec
1260 2983 1529 3065 paucis3
1581 2992 1652 3047 at
1682 3003 1816 3046 non
1849 2983 2082 3046 Venus
2115 3002 2317 3046 aurea
2347 2991 2579 3047 contra

634 3088 853 3151 Pauca
881 3086 1134 3150 refert:
2406 3093 2412 3099 ’

719 3196 756 3223 “
779 3189 842 3255 Ο
876 3191 1089 3265 Pater,
1117 3209 1157 3252 o
1182 3190 1525 3254 hominum
1552 3211 1908 3274 rerumque
1932 3200 2205 3254 aeterna
2229 3200 2526 3273 potestas
2548 3191 2665 3254 1-

634 3294 943 3376 Namque
960 3292 1139 3356 aliud
1161 3294 1320 3376 quid
1348 3294 1449 3369 sit,
1474 3295 1653 3376 quod
1676 3294 1806 3357 iam
1829 3295 2183 3378 implorare
2205 3294 2565 3378 queamus?
2585 3331 2666 3344 —

631 3398 886 3473 CerniS,
924 3406 997 3460 ut
1030 3396 1351 3461 insultent
1388 3398 1636 3474 Rutuli,
1672 3399 2074 3482 Turnusque
2107 3400 2363 3463 feratur

633 3503 757 3566 Per
791 3501 1043 3565 medios
1077 3500 1358 3582 insignis
1391 3501 1580 3584 equis
1611 3502 2037 3586 tumidusque
2070 3503 2365 3567 secundo

635 3605 853 3669 Marte
885 3603 1078 3667 ruat?
1153 3604 1307 3667 Non
1343 3604 1570 3667 clausa
1603 3614 1839 3685 tegunt
1872 3605 2004 3668 iam
2038 3608 2301 3669 moenia
2332 3606 2669 3671 Teucros?

632 3709 812 3793 Quin
845 3709 1019 3772 intra
1055 3716 1279 3789 portas
1312 3717 1514 3789 atque
1546 3707 1710 3789 ipsis
1742 3709 1992 3790 proelia
2022 3709 2306 3774 miscent

1515 3817 1612 3884 25⁶
