3015 4288
476 2390 540 2430 10

477 3014 534 3069 15

980 786 1064 867 Ρ.
1119 785 1584 866 VERGILI
1648 786 2163 864 MARoms

1168 983 1999 1081 AENEIDOS

1239 1263 1535 1329 LIBER
1599 1262 1930 1330 NONUS

741 1432 973 1517 Atque
1001 1454 1084 1498 ea
1113 1434 1375 1498 diversa
1406 1433 1674 1515 penitus
1705 1432 1862 1495 dum
1896 1442 2086 1515 parte
2119 1442 2454 1515 geruntur,

653 1537 815 1601 Irim
848 1536 933 1600 de
965 1536 1150 1601 caelo
1180 1538 1361 1600 misit
1392 1536 1705 1602 Saturnia
1741 1536 1910 1599 Iuno

651 1640 1004 1705 Audacem
1035 1640 1122 1703 ad
1152 1640 1476 1704 Turnum.
1575 1638 1761 1703 Luco
1793 1650 1935 1703 tum
1967 1640 2141 1703 forte
2174 1638 2468 1722 parentis

653 1743 939 1808 Pilumni
967 1744 1238 1807 Turnus
1269 1752 1529 1807 sacrata
1558 1743 1731 1807 valle
1763 1742 2055 1807 sedebat.

651 1847 765 1912 Ad
797 1867 996 1931 quem
1028 1846 1123 1911 sic
1154 1867 1346 1911 roseo
1378 1846 1866 1910 Thaumantias
1896 1867 2010 1911 ore
2042 1848 2263 1910 locuta
2293 1854 2433 1911 est:

653 1956 690 1984 ‘⁴
703 1951 951 2029 Turne,
984 1950 1164 2034 quod
1194 1951 1455 2033 optanti
1486 1950 1714 2014 divum
1748 1950 2131 2032 promittere
2164 1970 2361 2014 nemo

648 2054 972 2132 Auderet,
1005 2054 1335 2119 volvenda
1365 2054 1527 2131 dies,
1561 2074 1665 2130 en,
1699 2055 1920 2118 attulit
1951 2055 2142 2117 ultro.

647 2160 940 2237 AeneaS,
975 2159 1141 2225 urbe
1170 2168 1239 2224 et
1270 2161 1464 2224 sociis
1496 2169 1565 2223 et
1594 2160 1809 2223 classe
1839 2160 2088 2236 relicta,

651 2264 935 2349 Sceptra
968 2263 1252 2328 Palatini
1283 2265 1647 2348 sedemque
1678 2264 1846 2348 petit
1879 2263 2195 2328 Euandri.

650 2368 799 2433 Nec
830 2367 1031 2434 satis:
1078 2378 1408 2433 extremas
1441 2367 1721 2453 Corythi
1754 2370 2129 2450 penetravit
2157 2368 2242 2432 ad
2274 2369 2490 2446 urbes‚

651 2471 1130 2558 Lydorumque
1159 2492 1430 2535 manum
1463 2473 1780 2536 collectos
1812 2480 2026 2535 armat
2057 2483 2376 2554 agrestes,

648 2574 829 2660 Quid
895 2575 1207 2640 dubitas?
1282 2596 1461 2640 nunc
1523 2586 1791 2658 tempus
1861 2595 2088 2659 eunS,
2151 2594 2328 2637 nunc
2408 2593 2682 2657 poscere

821 2699 1072 2744 currus.
2219 2682 2224 2689 '

652 2785 920 2868 Rumpe
949 2804 1171 2848 moras
1202 2804 1435 2848 omnes
1465 2794 1535 2849 et
1564 2783 1832 2848 turbata
1861 2784 2080 2866 arripe
2111 2781 2387 2846 castra.”

651 2887 855 2966 Dixit,
888 2897 958 2953 et
986 2888 1054 2952 in
1085 2887 1344 2952 caelum
1378 2888 1650 2970 paribus
1681 2908 1754 2952 se
1787 2887 2053 2952 sustulit
2081 2886 2223 2963 alis,

651 2993 1137 3074 lugentemque
1170 2992 1337 3074 fuga
1368 2993 1582 3057 secuit
1611 2991 1736 3057 sub
1767 2992 2054 3055 nubibus
2084 3011 2330 3055 arcum.

735 3094 1083 3177 Adgnovit
1112 3095 1386 3173 iuveniS,
1420 3096 1855 3179 duplicesque
1886 3095 1971 3159 ad
2004 3095 2221 3159 sidera
2252 3094 2509 3175 palmas

649 3196 950 3273 Sustulit,
983 3218 1061 3261 ac
1093 3198 1211 3262 tali
1242 3200 1615 3281 fugientem
1648 3208 1752 3264 est
1779 3219 1945 3263 voce
1977 3207 2281 3262 secutus:

651 3305 687 3333 ‘⁶
715 3299 823 3376 Iri,
859 3300 1063 3365 decus
1096 3304 1279 3380 caeli,
1314 3303 1463 3386 quis
1503 3312 1571 3367 te
1602 3302 1765 3366 mihi
1796 3301 2083 3365 nubibus
2115 3310 2330 3364 actam

651 3404 911 3468 Detulit
938 3405 1008 3468 in
1037 3407 1297 3470 terras?
1357 3406 1537 3472 unde
1568 3408 1733 3471 haec
1765 3415 1902 3470 tam
1935 3407 2115 3469 clara
2146 3412 2421 3487 repente

648 3508 1047 3592 Tempestas
1073 3510 1097 3573 ?
1143 3510 1435 3575 medium
1467 3511 1661 3576 video
1691 3510 2034 3575 discedere
2068 3510 2344 3585 caelum,

649 3611 1091 3696 Palantesque
1123 3615 1277 3697 polo
1309 3617 1554 3679 stellas.
1651 3615 1910 3698 Sequor
1941 3614 2164 3677 omina
2197 3622 2398 3689 tanta,

649 3715 970 3800 Quisquis
1001 3717 1067 3779 in
1100 3737 1285 3782 arma
1317 3720 1581 3782 vocaS.'’
1678 3720 1766 3782 Et
1796 3719 1890 3782 sic
1923 3717 2169 3782 effatus
2200 3717 2284 3778 ad
2319 3715 2566 3779 undam

1537 3842 1633 3894 230
