3015 4288
1039 274 1270 332 LIBER
1319 276 1843 335 DUODECIMUS
2429 286 2555 354 337

515 458 553 487 ‘⁴
570 453 819 529 Faune‚
847 476 1098 537 precor,
1124 456 1501 534 miserere,'’
1526 457 1734 541 inquit
1756 463 1792 490 “
1806 467 2010 541 tuque
2029 456 2283 540 optima
2303 457 2553 520 ferrum

510 558 720 622 Terra
751 569 923 635 tene,
958 559 1133 623 colui
1164 571 1423 625 vestros
1455 561 1513 624 si
1545 580 1812 644 semper
1845 562 2149 636 honores,

512 661 702 744 Quos
734 673 966 727 contra
999 664 1366 728 Aeneadae
1399 665 1576 729 bello
1608 666 1831 729 fecere
1866 665 2248 748 profanos.’'

603 766 804 844 Dixit,
839 787 1171 851 opemque
1203 768 1312 831 dei
1345 789 1478 832 non
1511 788 1704 833 cassa
1736 770 1804 832 in
1835 779 1992 833 vota
2022 768 2318 847 vocavit;

515 870 823 954 Namque
856 871 970 935 diu
1001 871 1263 936 luctans
1297 872 1609 955 lentoque
1641 873 1707 936 in
1740 873 1947 955 stirpe
1980 881 2275 936 moratus

510 974 780 1038 Viribus
813 974 991 1040 haud
1024 975 1176 1039 ullis
1207 975 1419 1040 valuit
1449 976 1823 1041 discludere
1858 997 2117 1042 morsus

416 1131 422 1137 .
512 1078 797 1142 Roboris
829 1079 1121 1143 Aeneas.
1222 1080 1403 1143 Dum
1437 1080 1667 1144 nititur
1697 1101 1851 1145 acer
1881 1090 1949 1145 et
1980 1081 2203 1157 instat,

328 1829 431 1883 790

328 2349 424 2404 795

328 3375 424 3442 805

514 1182 772 1246 Rursus
803 1182 871 1245 in
901 1183 1175 1265 aurigae
1209 1183 1453 1272 faciem
1487 1193 1744 1247 mutata
1778 1184 2045 1249 Metisci

512 1286 843 1351 Procurrit
876 1287 1199 1370 fratrique
1232 1307 1464 1351 ensem
1498 1288 1626 1351 dea
1662 1289 1927 1352 Daunia
1957 1287 2195 1353 reddit.

511 1390 709 1473 Quod
740 1393 974 1456 Venus
1006 1391 1247 1455 audaci
1287 1392 1650 1477 Nymphae
1682 1392 2027 1475 indignata
2071 1391 2289 1470 licere,

512 1496 837 1571 Accessit,
870 1494 1213 1577 telumque
1247 1495 1383 1558 alta
1414 1484 1499 1558 ab
1534 1496 1755 1560 radice
1788 1495 2060 1560 revellit.

511 1598 646 1663 Olli
677 1598 1011 1675 sublimeS‚
1046 1600 1250 1662 armis
1283 1598 1656 1683 animisque
1689 1599 1943 1677 refecti,

512 1702 645 1766 Hic
675 1702 900 1784 gladio
933 1702 1167 1778 fidem,
1204 1702 1312 1766 hic
1345 1722 1499 1767 acer
1530 1713 1599 1767 et
1629 1704 1875 1767 arduus
1907 1704 2120 1780 hasta,

510 1806 867 1869 Adsistunt
897 1815 1132 1870 contra
1165 1808 1532 1870 certamine
1567 1807 1806 1870 Martis
1838 1806 2077 1872 anheli.

598 1910 924 1973 Iunonem
956 1908 1213 1973 interea
1249 1911 1398 1974 Rex
1428 1910 1908 1993 omnipotentis
1941 1909 2221 1997 Olympi

508 2013 932 2096 Adloquitur,
968 2013 1156 2077 fulva
1189 2033 1456 2096 pugnas
1488 2015 1574 2078 de
1603 2014 1782 2079 nube
1812 2025 2152 2079 tuentem:

512 2123 547 2151 “
569 2117 761 2201 Quae
794 2117 926 2181 iam
959 2117 1108 2181 finis
1139 2117 1284 2194 erit,
1321 2118 1653 2183 coniunx?
1700 2117 1858 2202 quid
1890 2118 2179 2202 denique
2213 2115 2462 2183 restat?

512 2223 885 2305 Indigetem
918 2222 1203 2286 Aenean
1236 2222 1368 2287 scis
1401 2222 1567 2306 ipsa,
1600 2233 1667 2286 et
1698 2224 1867 2286 scire
1900 2223 2148 2299 fateris,

512 2325 759 2390 Deberi
788 2326 992 2403 caelo,
1028 2325 1321 2409 fatisque
1354 2326 1439 2391 ad
1472 2327 1690 2390 sidera
1721 2326 1879 2391 tolli.

508 2430 688 2513 Quid
720 2431 938 2505 struiS‚
973 2438 1090 2493 aut
1120 2450 1253 2513 qua
1287 2450 1408 2512 spe
1440 2430 1678 2512 gelidis
1709 2431 1776 2493 in
1809 2429 2098 2494 nubibus
2129 2429 2413 2492 haeres?

511 2533 843 2597 Mortalin’
878 2534 1102 2598 decuit
1132 2533 1368 2597 violari
1398 2534 1674 2597 vulnere
1707 2534 1974 2597 divum?

508 2638 649 2701 Aut
680 2657 910 2701 ensem
937 2674 1016 2683 —
1035 2637 1197 2721 quid
1228 2637 1408 2701 enirn
1442 2637 1586 2703 sine
1616 2646 1684 2701 te
1718 2637 1999 2701 Iuturna
2029 2636 2427 2701 valeret?—

512 2742 836 2824 Ereptum
866 2741 1056 2805 reddi
1087 2742 1337 2817 Turno,
1373 2750 1441 2804 et
1472 2742 1606 2804 vim
1641 2761 1942 2805 crescere
1974 2740 2211 2804 victis?

512 2845 763 2909 Desine
794 2846 928 2908 iam
960 2845 1254 2921 tandem,
1293 2844 1736 2928 precibusque
1767 2845 2106 2909 inflectere
2139 2842 2383 2908 nostris
2401 2862 2419 2921 ;

512 2949 616 3012 Ne
648 2957 715 3013 te
744 2957 972 3012 tantus
1005 2948 1162 3013 edat
1196 2949 1464 3012 tacitam
1501 2949 1708 3026 dolor,
1742 2959 1809 3013 et
1842 2949 2005 3012 mihi
2034 2967 2232 3012 curae

509 3052 727 3134 Saepe
758 3061 874 3115 tuo
906 3052 1084 3116 dulci
1116 3052 1341 3117 tristes
1373 3072 1455 3116 ex
1487 3072 1603 3117 ore
1636 3061 1995 3117 recursent.

506 3157 799 3221 Ventum
832 3156 918 3219 ad
950 3176 1336 3240 supremum
1363 3166 1490 3221 est.
1587 3157 1812 3220 Terris
1844 3158 2099 3238 agitare
2128 3153 2237 3220 vel
2269 3151 2467 3218 undis

507 3260 832 3324 Troianos
865 3262 1158 3343 potuisti,
1196 3261 1548 3325 infandum
1584 3261 1949 3325 accendere
1979 3259 2250 3336 bellum,

513 3365 909 3429 Deformare
944 3366 1235 3438 domum,
1274 3375 1341 3428 et
1376 3367 1555 3428 luctu
1589 3365 1869 3428 miscere
1901 3364 2349 3450 hymenaeos:

510 3468 809 3535 Ulterius
840 3479 1172 3552 temptare
1206 3466 1422 3532 veto.”
1522 3469 1633 3535 Sic
1672 3470 1978 3551 Iuppiter
2010 3487 2240 3546 orsus;

596 3573 706 3638 Sic
739 3573 867 3638 dea
898 3575 1249 3638 summisso
1281 3583 1515 3636 contra
1550 3573 1862 3638 Saturnia
1891 3572 2117 3637 vultu:

510 3680 714 3743 “Ista
745 3678 1013 3761 quidem
1049 3677 1202 3759 quia
1237 3686 1393 3740 nota
1425 3676 1587 3753 mihi
1620 3685 1752 3751 tua,
1792 3697 2053 3758 magne,
2088 3676 2414 3749 voluntaS‚

511 3782 835 3866 Iuppiter,
871 3791 939 3845 et
970 3782 1272 3844 Turnum
1305 3790 1375 3844 et
1406 3788 1617 3843 terras
1650 3779 1855 3844 invita
1889 3781 2160 3864 reliqu13
