3015 4288
356 555 461 606 680

360 2650 465 2704 ⁷oe

365 3168 463 3223 705

1157 257 1389 313 LIBER
1438 256 1790 313 DEcnsz
2447 267 2573 335 277

538 438 691 524 Quo
723 461 941 524 neque
973 460 1080 504 me
1116 438 1365 515 Rutuli,
1400 459 1525 503 nec
1559 440 1827 502 conscia
1858 439 2042 502 fama
2074 439 2453 522 sequatur.'’

626 546 816 608 Haec
845 565 1221 608 memorans
1248 544 1471 607 animo
1500 563 1680 606 nunc
1714 544 1844 607 huc
1876 563 2053 606 nunc
2081 543 2356 606 fluctuat
2382 542 2572 621 illuc;

538 650 653 713 An
684 669 833 713 sese
865 668 1179 712 mucrone
1212 648 1296 712 ob
1330 657 1592 711 tantum
1625 648 1919 711 dedecus
1953 666 2185 709 amens

540 753 804 830 Induat,
839 762 907 817 et
938 752 1215 816 crudum
1249 772 1372 834 per
1403 760 1626 815 costas
1658 752 1881 832 exigat
1912 770 2177 827 ensem;

540 856 883 921 Fluctibus
915 876 1001 920 an
1031 856 1230 919 iaciat
1263 855 1516 930 mediiS,
1550 864 1619 918 et
1650 853 1842 917 litora
1873 855 2098 918 nando

538 962 760 1028 Curva
791 970 993 1044 petat,
1027 961 1494 1041 Teucrumque
1532 958 1769 1021 iterum
1801 978 1876 1021 se
1908 958 2143 1022 reddat
2174 960 2246 1022 in,
2274 978 2476 1026 arma.

533 1066 670 1130 Ter
700 1074 979 1129 conatus
1011 1073 1361 1146 utramque
1395 1062 1573 1125 viam
1597 1082 1613 1137 3
1660 1070 1762 1124 ter
1794 1064 2080 1125 maxima
2114 1064 2284 1126 Iuno
2388 1124 2394 1129 .

538 1168 901 1245 Continuit,
932 1170 1375 1250 iuvenemque
1409 1166 1614 1229 animi
1645 1166 1961 1229 miserata
1992 1165 2325 1248 repressit.

542 1257 823 1337 L'abitur
854 1274 988 1336 alta
1019 1292 1272 1336 secans.
1291 1268 1636 1353 fluctuque
1670 1280 1995 1353 aestuque
2026 1270 2340 1348 secund0,

542 1378 632 1441 Et
663 1377 867 1461 patris
898 1377 1239 1459 antiquam
1278 1375 1502 1438 Dauni
1536 1375 1838 1437 defertur
1869 1375 1953 1437 ad
1986 1375 2237 1438 urbem.

627 1482 725 1545 At
759 1481 935 1544 Iovis
965 1479 1220 1544 interea
1252 1479 1521 1543 monitis
1558 1478 1933 1542 Mezentius
1966 1479 2209 1542 ardens

538 1584 851 1651 Succedit
882 1584 1167 1668 pugnae,
1206 1585 1638 1665 Teucrosque
1671 1582 1925 1645 invadit
1957 1592 2251 1646 ovantes.

541 1690 963 1755 Concurrunt
993 1688 1386 1773 Tyrrhenae
1422 1686 1620 1762 acies,
1658 1695 1857 1768 atque
1889 1686 2196 1749 omnibus
2227 1686 2360 1763 uni,

534 1794 683 1878 ,Uni
714 1792 1016 1876 odiisque
1045 1794 1186 1856 viro
1217 1793 1501 1875 telisque
1536 1792 2002 1875 frequentibus
2034 1792 2302 1854 instant.

545 1896 686 1973 Ille,
718 1896 900 1961 velut
930 1916 1151 1979 rupeS,
1185 1906 1449 1959 vastum
1484 1916 1659 1978 quae
1691 1896 1913 1978 prodit
1945 1895 2010 1958 in
2044 1915 2309 1978 aequor,

543 2000 763 2065 Obvia
792 2009 1141 2064 ventorum
1175 2000 1363 2063 furiis
1400 2009 1812 2082 expostaque
1846 2009 2073 2082 pont0,

536 2104 693 2169 Vim
725 2113 1034 2169 cunctam
1066 2113 1266 2186 atque
1301 2105 1516 2168 minas
1549 2103 1803 2185 perfert
1835 2103 2133 2187 caelique
2166 2103 2517 2187 marisque,

546 2210 708 2293 Ipsa
734 2211 1009 2273 immota
1041 2229 1338 2284 manenS,
1378 2208 1634 2289 prolem
1671 2207 2108 2272 Dolichaonis
2146 2208 2449 2272 Hebrum

546 2313 796 2379 Sternit
825 2312 1029 2388 humi,
1057 2332 1207 2376 cum
1242 2333 1374 2395 quo
1411 2313 1747 2393 Latagum
1783 2313 2218 2395 Palmumque
2243 2313 2574 2394 fugacem,

546 2417 681 2481 Sed
717 2419 1048 2498 Latagum
1080 2436 1238 2480 saxo
1271 2426 1471 2498 atque
1502 2415 1763 2497 ingenti
1795 2416 2128 2497 fragmine
2160 2419 2403 2480 montis

544 2522 852 2604 Occupat
883 2541 957 2585 os
989 2519 1366 2603 faciemque
1403 2520 1774 2597 adversam,
1812 2522 2065 2604 poplite
2099 2520 2399 2584 Palmum

541 2625 815 2690 Succiso
843 2623 1020 2689 volvi
1053 2644 1330 2705 segnem
1368 2624 1559 2701 sinit3
1610 2645 1927 2708 armaque
1963 2626 2187 2689 Lauso

547 2729 775 2793 Donat
805 2728 1052 2792 habere
1084 2727 1330 2791 umeris
1363 2736 1430 2790 et
1465 2729 1717 2792 vertice
1749 2730 1955 2811 figere
1987 2732 2240 2794 cristas,

546 2833 692 2897 Nec
722 2852 856 2895 non
893 2832 1251 2895 Euanthen
1290 2831 1677 2916 Phrygium,
1717 2833 2103 2916 Paridisque
2140 2834 2469 2905 Mimanta

543 2936 916 3020 Aequalem
949 2935 1412 3018 comitemque,
1451 2957 1587 2999 una
1619 2957 1817 3019 quem
1850 2947 2047 3000 nocte
2078 2938 2360 3001 Theano

545 3040 627 3103 In
658 3040 874 3103 lucem
906 3039 1191 3122 genitori
1226 3040 1491 3126 Amyco
1525 3041 1727 3117 dedit,
1762 3049 1829 3104 et
1862 3041 2011 3104 face
2045 3060 2427 3122 praegnans

539 3144 788 3210 Cisseis
819 3143 1052 3225 regina
1086 3144 1321 3208 Parin:
1374 3144 1560 3208 Paris
1592 3144 1754 3208 urbe
1788 3155 2070 3226 paterna

543 3249 886 3325 Occubat;
934 3247 1241 3329 ignarum
1282 3249 1587 3313 Laurens
1619 3249 1826 3312 habet
1856 3269 1978 3313 ora
2008 3249 2356 3313 Mimanta.

543 3354 649 3417 Ac
679 3353 862 3417 velut
893 3353 1003 3415 ille
1038 3373 1280 3416 canum
1315 3374 1540 3416 morsu
1572 3351 1655 3416 de
1690 3353 2027 3417 montibus
2060 3354 2211 3417 altis

543 3458 760 3522 Actus
791 3476 972 3540 aper,
1010 3456 1252 3520 multos
1284 3457 1575 3520 Vesulus
1607 3477 1803 3539 quem
1840 3457 2086 3539 pinifer
2118 3477 2330 3521 annos

548 3560 890 3636 Defendit,
929 3560 1304 3643 multosque
1337 3561 1530 3642 palus
1567 3561 1949 3637 Laurentia,
1986 3561 2152 3627 silva

373 3687 472 3743 7¹0
545 3667 782 3754 Pastus
815 3663 1199 3736 arundinea,
1238 3664 1797 3746 postquaminter
1830 3665 1995 3727 retia
2026 3675 2300 3729 ventum
2325 3675 2454 3742 est,

549 3768 875 3844 Substitit,
910 3768 1386 3849 infremuitque
1420 3768 1609 3830 ferox
1639 3777 1706 3831 et
1737 3768 2064 3831 inhorruit
2093 3790 2314 3839 armos
2332 3790 2347 3848 ;
