3015 4288
325 2855 429 2908 700

330 3369 428 3427 705

1081 260 1313 318 [ABER
1367 260 1827 320 UNDEcusz
2428 272 2548 341 305

512 437 648 507 Tot
677 442 952 529 Phrygii
984 442 1286 508 cecidere
1316 443 1455 507 viri.
1553 445 1789 508 Procul
1824 445 2128 531 Ornytus
2159 445 2361 510 armis

517 546 776 628 Ignotis
810 556 878 610 et
908 567 1081 630 equo
1112 558 1390 611 venator
1425 549 1685 632 Iapyge
1719 549 1947 624 fertur,

515 647 643 714 Cui
674 650 868 733 pellis
899 651 1069 714 latos
1104 671 1368 714 umeros
1401 661 1635 733 erepta
1668 652 1946 716 iuvenco

475 838 480 842 .
516 754 882 837 Pugnatori
913 756 1148 837 operit,
1182 765 1387 837 caput
1417 755 1659 837 ingens
1691 756 1824 819 oris
1857 757 2078 822 hiatus

515 858 604 922 Et
635 859 851 922 malae
882 868 1107 922 texere
1139 859 1279 941 lupi
1310 879 1461 921 curn
1495 859 1809 931 dentibus
1842 861 2025 936 albis,

512 962 960 1046 Agrestisque
992 982 1231 1025 manus
1264 972 1477 1025 armat
1512 982 1786 1044 sparus;
1831 966 1974 1046 ipse
2006 966 2291 1032 catervis

509 1065 810 1130 Vertitur
840 1066 908 1129 in
943 1065 1196 1142 mediiS,
1231 1075 1299 1129 et
1330 1075 1471 1129 toto
1502 1067 1750 1131 vertice
1784 1088 1987 1149 supra
2016 1078 2137 1132 est.

514 1168 719 1234 Hunc
749 1170 862 1233 illa
891 1180 1265 1252 exceptum,
1302 1189 1523 1254 neque
1553 1170 1733 1233 enim
1766 1170 1967 1247 labor,
2003 1173 2271 1253 agmine
2301 1191 2512 1249 verso,

512 1273 784 1350 Traicit‚
817 1283 885 1338 et
917 1294 1121 1356 super
1153 1275 1319 1338 haec
1351 1274 1621 1338 inimico
1656 1284 1925 1356 pectore
1958 1276 2176 1340 fatur:

513 1382 549 1410 “
572 1376 771 1442 Silvis
803 1387 888 1454 te,
923 1378 1294 1463 Tyrrhene,
1329 1378 1510 1441 feras
1544 1376 1796 1459 agitare
1830 1378 2123 1460 putasti?

509 1480 807 1545 Advenit
839 1481 952 1563 qui
981 1491 1206 1546 vestra
1238 1481 1380 1545 dies
1414 1481 1846 1545 muliebribus
1878 1482 2078 1546 armis

509 1584 737 1649 Verba
770 1585 1201 1667 redarguerit.
1302 1585 1569 1649 Nomen
1603 1595 1824 1649 tamen
1861 1586 2037 1649 haud
2071 1587 2216 1651 leve
2251 1594 2514 1669 patrum

514 1688 828 1752 Manibus
862 1689 986 1753 hoc
1020 1689 1292 1765 refereS‚
1328 1690 1462 1752 telo
1495 1688 1816 1752 cecidisse
1849 1689 2234 1755 Camillae.''

599 1792 907 1856 Protinus
933 1792 1361 1857 Orsilochum
1387 1803 1455 1856 et
1484 1794 1721 1869 Buten,
1744 1793 1876 1856 duo
1902 1793 2190 1862 maxima
2213 1794 2546 1858 Teucrum

510 1895 847 1978 Corpora:
895 1897 1013 1960 sed
1049 1898 1266 1959 Buten
1301 1917 1609 1960 aversum
1642 1897 1920 1977 cuspide
1954 1897 2092 1960 fixit

512 1999 820 2063 Loricam
853 1999 1249 2083 galeamque
1280 2002 1475 2076 inter,
1510 2020 1643 2083 qua
1674 2001 1844 2064 colla
1876 2000 2170 2065 sedentis
2235 2079 2239 2082 v

513 2102 791 2181 Lucem,
826 2112 894 2168 et
926 2104 1115 2169 laevo
1146 2104 1483 2188 dependet
1518 2124 1750 2188 parma
1783 2105 2065 2183 lacerto;

511 2207 932 2273 Orsilochum
967 2209 1235 2290 fugiens
1270 2229 1723 2292 magnumque
1757 2209 2007 2291 agitata
2042 2229 2160 2291 per
2191 2209 2438 2284 orbem,

517 2311 748 2375 Eludit
776 2331 945 2396 gyro
978 2311 1268 2388 interior,
1305 2314 1736 2395 sequiturque
1771 2322 2203 2397 sequentem;

507 2415 682 2478 Tum
713 2414 1001 2478 validam
1035 2436 1288 2499 perque
1321 2436 1507 2479 arma
1540 2415 1680 2479 viro
1713 2436 1961 2499 perque
1994 2436 2147 2480 ossa
2180 2415 2482 2492 securim,

509 2517 731 2582 Altior
760 2538 1144 2600 exsurgenS,
1180 2521 1398 2583 oranti
1429 2529 1498 2583 et
1533 2520 1739 2584 multa
1773 2519 2071 2601 precanti

507 2620 989 2704 Congeminat;
1036 2623 1281 2686 vulnus
1316 2623 1532 2687 calido
1565 2624 1738 2705 rigat
1769 2644 1884 2687 ora
1916 2623 2208 2688 cerebro.

598 2724 841 2790 Incidit
872 2725 1024 2790 huic
1057 2726 1408 2812 subitoque
1441 2737 1721 2809 aspectu
1753 2727 2020 2792 territus
2053 2728 2270 2793 haesit

508 2830 1091 2913 Appenninicolae
1123 2830 1403 2895 bellator
1435 2831 1608 2895 filius
1640 2831 1845 2908 Auni,

512 2933 718 2997 Haud
752 2933 1078 3016 Ligurum
1112 2944 1466 3012 extremus,
1502 2936 1663 2999 dum
1697 2935 1932 3000 fallere
1964 2935 2110 3000 fata
2140 2935 2462 3000 sinebant.

512 3036 734 3120 Isque,
769 3037 883 3101 ubi
914 3058 986 3103 se
1020 3040 1201 3102 nullo
1236 3039 1367 3102 iam
1400 3060 1601 3104 cursu
1632 3040 1915 3104 evadere
1942 3059 2211 3122 pugnae

510 3142 713 3206 Posse
744 3163 963 3227 neque
996 3144 1357 3209 instantem
1393 3145 1691 3227 reginam
1727 3154 2026 3208 avertere
2058 3143 2287 3220 cernit,

510 3246 802 3312 Consilio
833 3267 1100 3312 versare
1133 3249 1321 3313 dolos
1355 3248 1698 3330 ingressus
1731 3256 1797 3311 et
1829 3257 1997 3323 astu,

515 3350 763 3434 Incipit
793 3351 994 3416 haec:
1045 3357 1081 3385 ‘⁴
1107 3352 1289 3435 Quid
1322 3362 1458 3416 tam
1492 3352 1859 3433 egregium,
1895 3351 1951 3414 si
1983 3349 2234 3414 femina
2265 3351 2423 3414 forti

511 3453 696 3518 Fidis
726 3455 946 3538 equo?
1041 3456 1321 3519 Dimitte
1354 3455 1607 3536 fugam,
1644 3463 1712 3518 et
1743 3464 1809 3518 te
1843 3456 2213 3517 comminus
2246 3474 2458 3537 aequo

515 3558 782 3622 Mecum
815 3559 1012 3623 crede
1045 3559 1202 3635 solo,
1242 3578 1643 3641 pugnaeque
1678 3559 1954 3639 accinge
1990 3557 2319 3639 pedestri:

512 3661 657 3725 Iam
690 3682 943 3737 nosceS,
979 3670 1259 3726 ventosa
1293 3661 1468 3724 ferat
1500 3660 1607 3724 cui
1639 3661 1849 3741 gloria
1884 3661 2253 3724 fraudem.”

515 3764 698 3829 Dixit
717 3786 732 3842 ;
782 3774 850 3829 at
883 3765 994 3828 illa
1025 3765 1257 3828 furens
1290 3766 1557 3847 acrique
1592 3784 1875 3828 accensa
1907 3765 2133 3829 dolore
