3015 4288
328 770 427 838 385

330 1302 432 1355 39⁰

332 1819 430 1874 395

335 2855 437 2908 40⁵

342 3373 446 3425 410

1127 252 1361 321 LIBER
1412 262 1776 323 OCTAVUS
2425 281 2554 351 219

512 446 696 530 Ergo
726 447 962 512 eadem
994 447 1280 530 supplex
1308 446 1525 524 venio,
1561 458 1631 512 et
1658 447 1997 531 (sanctum
2026 450 2194 514 'mihi
2225 451 2509 536 numen)

509 551 724 615 Arma
755 571 938 633 rogo,
972 551 1276 632 genetrix
1304 562 1482 615 nato.
1578 553 1681 616 Te
1713 553 1848 616 filia
1887 554 2108 631 Nerei,

509 655 610 720 Te
640 655 856 738 potuit
886 654 1173 718 lacrimis
1204 655 1524 720 Tithonia
1555 655 1824 746 flectere
1857 658 2162 723 coniunx.

507 757 782 842 Aspice,
816 757 931 841 qui
959 767 1201 822 coeant
1231 758 1484 843 populi,
1520 781 1695 842 quae
1727 761 1990 824 moenia
2019 763 2262 828 clausis

510 864 790 927 Ferrum
822 871 1070 926 acuant
1089 862 1312 947 portis
1343 861 1413 926 in
1446 884 1556 927 me
1586 865 2049 949 excidiumque
2082 867 2443 932 meorum.”

599 966 895 1043 Dixerat,
928 974 999 1031 et
1025 966 1240 1030 niveis
1271 966 1428 1031 hinc
1457 978 1660 1051 atque
1693 969 1850 1033 hinc
1882 970 2035 1033 diva
2065 970 2329 1035 lacertis

509 1070 955 1136 Cunctantem
986 1070 1300 1154 amplexu
1328 1053 1515 1135 msslli
1544 1072 1749 1136 fovet.
1845 1073 1971 1137 Ille
2007 1084 2284 1157 repente

508 1173 796 1257 Accepit
826 1174 1088 1238 solitam
1121 1173 1480 1253 flammam,
1515 1186 1849 1259 notusque
1882 1178 2207 1242 medullas

514 1279 797 1342 Intravit
826 1277 1024 1357 calor,
1058 1287 1127 1342 et
1158 1278 1493 1343 labefacta
1526 1300 1649 1363 per
1677 1300 1833 1343 ossa
1863 1283 2190 1344 cucurrit:

513 1381 670 1445 Non
702 1400 896 1445 secus
926 1391 1130 1465 atque
1160 1383 1337 1458 olim,
1371 1385 1623 1447 tonitru
1653 1403 1807 1447 cum
1839 1393 2037 1467 rupta
2066 1405 2344 1451 corusco

514 1485 727 1567 Ignea
756 1484 925 1548 rima
955 1485 1209 1550 micans
1240 1486 1569 1570 percurrit
1600 1486 1852 1550 lumine
1884 1488 2161 1551 nimbos,

513 1588 738 1654 Sensit
766 1587 942 1653 laeta
974 1588 1143 1652 dolis
1171 1598 1241 1652 et
1271 1589 1530 1654 formae
1561 1589 1831 1654 conscia
1862 1592 2167 1654 coniunx.
2258 1648 2265 1655 ,

510 1691 687 1756 Tum
719 1701 910 1775 pater
940 1701 1213 1767 aeterno
1246 1693 1427 1756 fatur
1459 1693 1812 1759 devinctus
1843 1714 2106 1758 amore:

516 1801 554 1829 “
576 1795 756 1878 Quid
787 1815 1026 1859 causas
1057 1796 1231 1879 petis
1262 1816 1348 1860 ex
1376 1797 1559 1860 alto?
1605 1797 1850 1861 fiducia
1880 1797 2080 1862 cessit

515 1899 668 1982 Quo
698 1899 836 1976 tibi,
870 1899 1041 1989 diva,
1069 1899 1244 1963 mei?
1336 1900 1585 1964 Similis
1618 1901 1674 1963 si
1704 1921 1865 1964 cura
1896 1901 2155 1979 fuisset,

511 2001 688 2066 Tum
720 2021 984 2086 quoque
1015 2002 1124 2066 fas
1153 2003 1349 2067 nobis
1389 2004 1689 2069 Teucros
1720 2024 1980 2069 armare
2012 2004 2287 2086 fuisset3

518 2107 665 2170 Nec
697 2106 896 2170 Pater
925 2108 1352 2190 omnipotens
1384 2105 1655 2172 Troiam
1690 2128 1815 2173 nec
1849 2107 1992 2171 fata
2020 2109 2339 2176 vetabant

516 2209 708 2274 Stare
738 2210 1105 2294 decemque
1136 2210 1302 2275 alios
1336 2211 1671 2275 Priamum
1703 2232 2057 2296 superesse
2092 2233 2211 2295 per
2241 2233 2471 2280 annos·

518 2313 608 2377 Et
637 2334 835 2389 nunc,
868 2315 925 2377 si
954 2313 1203 2377 bellare
1235 2335 1433 2397 paras
1464 2325 1667 2397 atque
1697 2315 1865 2379 haec
1898 2314 2018 2380 tibi
2048 2336 2240 2380 mens
2270 2326 2391 2394 est,

517 2416 860 2500 Quidquid
889 2417 960 2479 in
990 2427 1134 2481 arte
1165 2438 1315 2481 mea
1346 2438 1620 2501 possum
1652 2419 2040 2502 promittere
2071 2439 2289 2497 curae,

517 2520 716 2603 Quod
746 2520 890 2583 fieri
919 2520 1098 2584 ferro
1136 2520 1468 2603 liquidove
1509 2530 1730 2605 potest
1761 2523 2027 2600 electro,

518 2624 864 2707 Quantum
894 2621 1089 2706 ignes
1121 2623 1517 2707 animaeque
1547 2625 1791 2702 valent,
1826 2625 2075 2690 absiste
2106 2626 2445 2711 precando

516 2726 786 2792 Viribus
817 2725 1191 2792 indubitare
1222 2726 1415 2791 tuis.”
1514 2728 1618 2792 Ea
1646 2729 1854 2793 verba
1885 2727 2147 2794 locutus

520 2831 808 2914 Optatos
839 2831 1023 2895 dedit
1055 2832 1420 2914 amplexus,
1456 2832 1927 2916 placidumque
1959 2832 2194 2916 petivit

520 2934 841 3017 Coniugis
870 2933 1135 2999 infusus
1164 2937 1422 3019 gremio
1452 2956 1577 3020 per
1608 2936 1908 3000 membra
1941 2956 2266 3019 soporem.

609 3038 777 3102 Inde
808 3037 923 3102 ubi
953 3038 1166 3124 prima
1196 3038 1386 3122 quies
1418 3039 1638 3103 medio
1668 3041 1801 3102 iarn
1836 3039 2074 3103 Noctis
2104 3040 2383 3104 abactae

522 3142 864 3209 Curriculo
894 3144 1240 3226 expulerat
1271 3164 1598 3221 somnum,
1633 3165 1787 3208 cum
1822 3143 2076 3208 femina
2107 3143 2416 3227 primum,

523 3247 646 3312 Cui
676 3246 960 3310 tolerare
990 3248 1138 3311 colo
1166 3248 1372 3311 vitam
1405 3248 1726 3331 tenuique
1762 3247 2072 3312 Minerva

527 3350 942 3434 Impositum,
975 3352 1268 3415 cinerem
1299 3360 1368 3414 et
1399 3351 1654 3434 sopitos
1689 3351 1966 3415 suscitat
1996 3350 2206 3433 igneS,

525 3454 811 3518 Noctem
844 3454 1100 3518 addens
1130 3454 1333 3537 operi,
1368 3454 1792 3538 famulasque
1825 3455 1910 3519 ad
1943 3455 2196 3518 lumina
2227 3454 2429 3537 longo

527 3558 812 3622 Exercet
843 3578 1071 3640 penso,
1105 3567 1360 3620 castum
1393 3567 1469 3621 ut
1499 3578 1767 3622 servare
1801 3558 2015 3623 cubile

527 3661 846 3743 Coniugis
876 3669 943 3724 et
976 3661 1188 3744 possit
1218 3681 1459 3742 parvos
1489 3662 1774 3725 educere
1804 3673 2034 3726 natos:

531 3765 735 3830 Haud
767 3783 963 3829 secus
990 3764 1398 3847 ‚Ignipotens
1431 3786 1554 3829 nec
1588 3776 1890 3849 tempore
1925 3766 2192 3849 segnior
2221 3766 2336 3831 illo
