3015 4288
490 262 609 347 178
1048 258 1053 264 ·
1197 263 1514 323 vamum
1567 263 1968 323 AENEmos

745 454 784 483 “
811 448 982 531 Quis
1014 449 1245 531 procul
1280 446 1387 511 ille
1419 457 1643 511 autem
1677 447 1875 512 ramis
1906 448 2188 531 insignis
2221 448 2433 513 olivae

558 617 563 621 .
659 555 865 619 Sacra
897 552 1169 616 ferens?
1266 535 1489 615 Nosco
1521 552 1738 616 crines
1771 552 2144 635 incanaque
2176 561 2404 616 menta

478 669 578 718 810
659 658 867 738 Regis
904 655 1211 731 Romani,
1247 656 1529 737 primam
1564 655 1676 738 qui
1710 656 1969 737 legibus
2002 654 2233 719 urbem

659 759 1014 836 Fundabit,
1051 759 1341 824 Curibus
1372 759 1596 841 parvis
1626 769 1695 822 et
1727 780 2024 841 paupere
2056 769 2235 824 terra

661 855 911 928 Missus
942 865 1009 926 in
1043 864 1396 945 imperium
1428 882 1768 945 magnum.
1864 862 1991 927 Cui
2021 864 2264 928 deinde
2296 863 2559 942 subibit,

657 967 818 1033 Otia
848 969 962 1051 qui
993 976 1258 1050 rumpet
1292 966 1549 1048 patriae
1582 967 1965 1049 residesque
1998 966 2294 1032 movebit

654 1071 892 1134 Tullus
922 1072 989 1133 in
1023 1062 1213 1133 arma
1237 1071 1416 1133 viros
1450 1079 1518 1132 et
1550 1069 1681 1132 iam
1714 1070 1994 1134 desueta
2025 1071 2380 1153 triumphis

448 1197 451 1200 ¹
477 1180 573 1244 815
653 1174 968 1256 Agmina.
1064 1174 1284 1256 Quem
1314 1175 1499 1236 iuxta
1531 1174 1830 1256 sequitur
1860 1173 2209 1238 iactantior
2240 1175 2497 1250 AncuS,

657 1277 857 1341 Nunc
891 1297 1156 1360 quoque
1187 1279 1320 1340 iam
1357 1277 1634 1340 nimium
1667 1278 1971 1358 gaudens
2004 1279 2440 1361 popularibus
2471 1280 2666 1341 auris,

651 1381 776 1445 Vis
805 1390 873 1444 et
903 1380 1304 1462 Tarquinios
1335 1400 1551 1462 reges,
1587 1382 2010 1463 animamque
2043 1382 2400 1464 superbam

654 1485 910 1564 Ultoris
946 1485 1153 1559 Bruti,
1187 1485 1545 1565 fascesque
1575 1484 1805 1547 videre
1838 1486 2191 1568 receptos?

653 1588 964 1653 Consulis
995 1587 1345 1669 imperium
1379 1587 1486 1650 hic
1521 1579 1774 1669 primus
1805 1609 2175 1673 saevasque
2205 1610 2474 1654 secures

474 1703 574 1753 820
652 1691 983 1773 Accipiet,
1018 1699 1344 1772 natosque
1377 1700 1573 1774 pater
1604 1712 1780 1755 nova
1811 1691 1987 1755 bella
2018 1703 2367 1758 moventes

651 1795 765 1862 Ad
799 1814 1087 1876 poenam
1121 1793 1401 1877 pulchra
1433 1815 1556 1877 pro
1592 1796 1894 1860 libertate
1923 1796 2205 1873 vocabit,

655 1898 900 1961 Infelix
926 1898 939 1961 !
1034 1899 1420 1980 Utcumque
1452 1899 1677 1962 ferent
1706 1919 1788 1962 ea
1817 1900 2000 1963 facta
2031 1900 2343 1978 minoreS,

649 2002 895 2065 Vincet
926 2022 1113 2065 amor
1144 2001 1400 2084 patriae
1432 2002 1840 2084 laudumque
1871 2003 2199 2067 immensa
2230 2005 2489 2087 cupido.

654 2105 834 2189 Quin
871 2105 1118 2169 Decios
1155 2106 1548 2189 Drusosque
1580 2107 1813 2190 procul
1846 2127 2256 2192 saevumque
2288 2111 2501 2172 securi

473 2217 568 2283 825
651 2208 907 2291 Aspice
940 2210 1356 2291 Torquatum
1388 2219 1456 2273 et
1488 2211 1891 2273 referentem
1926 2211 2122 2292 signa
2155 2211 2527 2276 Camillum.

743 2318 779 2345 “
810 2313 974 2376 Illae
1008 2322 1252 2389 autem,
1288 2314 1561 2396 paribus
1592 2334 1761 2396 quas
1792 2314 2055 2397 fulgere
2088 2315 2306 2379 cernis
2339 2314 2402 2377 in
2439 2316 2657 2392 armiS,

652 2417 1038 2482 Concordes
1070 2416 1332 2480 animae
1364 2436 1542 2481 nunc
1576 2427 1645 2481 et
1676 2418 1834 2481 dum
1868 2428 2066 2481 nocte
2099 2427 2510 2501 premuntur,

655 2521 813 2583 Heu
846 2529 1168 2602 quantum
1202 2518 1373 2583 inter
1406 2540 1478 2584 se
1509 2520 1779 2597 bellum,
1816 2521 1875 2584 si
1904 2521 2153 2584 lumina
2183 2523 2360 2586 vitae

651 2624 1036 2705 Attigerint,
1074 2633 1359 2705 quantas
1393 2625 1570 2688 acies
1604 2634 2034 2706 stragemque
2066 2624 2354 2701 ciebunt,

476 2735 577 2798 830
656 2728 1043 2808 Aggeribus
1076 2747 1265 2790 socer
1297 2727 1568 2808 Alpinis
1602 2737 1805 2810 atque
1838 2748 1990 2791 arce
2028 2727 2338 2791 Monoeci

654 2831 1112 2907 DescendenS,
1147 2851 1357 2912 gener
1389 2831 1689 2894 adversis
1723 2830 2085 2894 instructus
2121 2831 2316 2894 Eois!

652 2935 776 3010 Ne,
812 2934 1017 3016 pueri,
1050 2954 1137 2997 ne
1170 2943 1358 2997 tanta
1391 2934 1631 2996 animis
1664 2933 2037 2997 adsuescite
2068 2933 2260 3010 bella,

651 3037 803 3100 Neu
835 3039 1089 3120 patriae
1120 3037 1375 3100 validas
1407 3036 1474 3099 in
1506 3036 1764 3101 viscera
1794 3037 2031 3101 vertite
2061 3038 2276 3114 vires3

648 3143 885 3225 Tuque
919 3141 1116 3224 prior,
1150 3152 1223 3205 tu
1259 3160 1480 3223 parce,
1517 3161 1732 3222 genus
1764 3142 1877 3223 qui
1909 3140 2097 3203 ducis
2131 3140 2446 3226 Olymp0,

470 3251 565 3317 835
651 3244 877 3308 Proice
910 3246 1045 3309 tela
1077 3265 1299 3320 manu,
1336 3243 1611 3325 sanguis
1644 3244 1867 3307 meus!

650 3348 772 3412 Ille
802 3348 1216 3431 triumphata
1249 3347 1584 3429 Capitolia
1616 3348 1701 3410 ad
1735 3348 1869 3410 alta
1902 3347 2225 3413 Corintho

644 3452 876 3516 Victor
907 3462 1065 3535 aget
1097 3471 1362 3515 currum
1396 3450 1611 3513 caesis
1643 3450 1924 3532 insignis
1958 3451 2255 3515 Achivis.

648 3556 857 3620 Eruet
887 3557 996 3620 ille
1029 3556 1259 3636 Argos
1290 3553 1997 3636 Agamemnoniasque
2033 3555 2378 3638 MycenaS,

649 3661 1014 3742 Ipsumque
1047 3658 1413 3731 Aeaciden,
1449 3676 1664 3737 genus
1696 3657 2157 3739 armipotentis
2190 3657 2459 3730 Achilli,

468 3775 565 3837 840
648 3766 851 3829 Ultus
884 3784 1043 3826 avos
1076 3761 1338 3838 Troiae,
1372 3760 1625 3841 templa
1657 3770 1723 3823 et
1756 3770 2079 3824 temerata
2114 3761 2477 3826 Minervae.
