3015 4288
351 791 453 830 220

349 1308 448 1364 ²25

350 1827 454 1879 230

353 2346 450 2401 235

1151 272 1385 329 LlssER
1435 275 1786 330 Dsscmus
2446 271 2569 350 263
2644 325 2656 335 .

527 453 802 520 Aeneas
819 490 908 501 —
925 472 1146 539 neque
1174 453 1353 518 enim
1387 454 1702 518 membris
1732 455 1849 520 dat
1878 475 2040 521 cura
2069 455 2468 540 quietem—

531 559 690 642 Ipse
719 557 968 622 sedens
993 557 1390 640 clavumque
1423 557 1596 640 regit
1625 558 1925 642 velisque
1957 560 2304 624 ministrat.

529 664 758 748 Atque
789 661 883 726 illi
914 661 1132 725 medio
1161 663 1236 751 in.
1263 661 1479 744 spatio
1512 663 1773 739 chorus,
1806 683 1983 739 ecce,
2018 683 2287 727 suarum

528 766 837 833 Occurrit
867 765 1222 830 comitum:
1274 766 1656 851 Nymphae,
1692 787 1860 849 quas
1889 767 2066 830 alma
2097 767 2376 853 Cybebe

532 871 800 936 Numen
832 869 1080 934 habere
1106 870 1305 933 maris
1342 869 1834 955 Nymphasque
1864 890 1902 935 e
1934 871 2217 936 navibus
2247 891 2396 936 esse

531 976 843 1050 Iusserat,
877 972 1204 1038 innabant
1236 975 1483 1057 pariter
1514 974 1888 1058 fluctusque
1919 974 2257 1053 secabant,

528 1076 710 1162 Quot
740 1079 925 1161 prius
957 1087 1224 1142 aeratae
1258 1088 1584 1143 steterant
1614 1078 1700 1142 ad
1733 1079 1925 1144 litora
1957 1098 2212 1162 prorae.

612 1182 1065 1264 Adgnoscunt
1096 1182 1299 1264 longe
1330 1201 1578 1264 regem,
1614 1182 2030 1266 lustrantque
2062 1182 2342 1248 choreis.

528 1284 829 1370 Quarum
861 1305 1035 1368 quae
1069 1285 1259 1349 fandi
1291 1285 1676 1350 doctissima
1708 1287 2152 1371 Cymodocea,

530 1390 710 1453 Pone
742 1408 1030 1472 sequens
1060 1389 1295 1454 dextra
1327 1378 1611 1473 puppim
1643 1400 1841 1465 tenet,
1879 1392 2158 1473 ipsaque
2198 1390 2399 1455 dorso

531 1492 818 1569 Eminet,
852 1513 931 1557 ac
964 1493 1155 1558 laeva
1187 1493 1404 1557 tacitis
1436 1493 1848 1575 subremigat
1879 1494 2113 1570 undis;

528 1597 703 1660 Tum
733 1595 829 1661 sic
860 1596 1171 1679 ignarum
1204 1598 1623 1681 adloquitur:
1681 1604 1719 1631 “
1740 1597 2107 1679 Vigilasne,
2144 1597 2344 1662 deum
2380 1618 2564 1680 genS,

527 1700 812 1765 Aenea?
858 1700 1079 1783 vigila,
1114 1709 1185 1765 et
1212 1701 1379 1765 velis
1409 1703 1694 1766 immitte
1736 1702 2067 1766 rudenteS.

531 1804 676 1867 Nos
707 1823 956 1880 sumus,
994 1804 1240 1869 Idaeae
1272 1824 1463 1869 sacro
1494 1805 1580 1869 de
1609 1805 1855 1869 vertice
1888 1805 2105 1888 pinuS,

531 1908 593 1970 N
600 1927 729 1972 unc
763 1907 988 1991 pelagi
1016 1907 1395 1993 Nymphae,
1430 1908 1664 1973 classis
1699 1919 1830 1973 tua.
1928 1907 2228 1972 Perfidus
2258 1916 2332 1971 ut
2363 1927 2485 1971 nos

532 2011 933 2094 Praecipites
966 2011 1144 2076 ferro
1179 2013 1470 2076 Rutulus
1502 2013 1902 2096 flammaque
1936 2011 2297 2095 premebat,

534 2115 862 2199 Rupimus
894 2115 1140 2181 invitae
1172 2124 1288 2180 tua
1320 2117 1604 2194 vincula,
1639 2125 1838 2201 teque
1871 2136 1993 2200 per
2023 2135 2275 2200 aequor

529 2219 947 2303 Quaerimus.
1048 2219 1248 2284 Hanc
1283 2221 1601 2286 Genetrix
1635 2220 1878 2285 faciem
1912 2220 2226 2284 miserata
2255 2217 2510 2296 refecit,

532 2324 620 2388 Et
648 2323 833 2388 dedit
864 2344 1014 2388 esse
1045 2322 1225 2400 deaS,
1259 2344 1633 2408 aevumque
1668 2326 1923 2408 agitare
1955 2324 2079 2389 sub
2111 2323 2325 2388 undis.

531 2428 627 2491 At
658 2447 824 2511 puer
855 2427 1193 2492 Ascanius
1225 2449 1414 2492 muro
1450 2429 1784 2512 fossisque
1815 2437 2083 2493 tenetur

530 2530 697 2594 Tela
727 2531 898 2596 inter
930 2531 1151 2595 media
1180 2541 1383 2615 atque
1416 2533 1762 2597 horrentes
1796 2534 2017 2597 Marte
2052 2530 2347 2595 Latinos

534 2635 678 2699 Iam
712 2635 857 2699 loca
886 2634 1067 2699 iussa
1099 2644 1284 2699 tenet
1307 2636 1467 2700 forti
1499 2636 1865 2718 permixtus
1901 2636 2185 2700 Etrusco

532 2738 748 2803 Arcas
779 2758 1003 2824 eques.
1101 2739 1365 2804 Medias
1398 2739 1527 2804 illis
1559 2760 1900 2822 opponere
1932 2748 2204 2816 turmas,

479 2868 490 2882 ·
539 2842 647 2906 Ne
676 2842 913 2907 castris
943 2843 1246 2927 iungant,
1283 2853 1464 2908 certa
1500 2853 1606 2908 est
1637 2843 1968 2907 sententia
1996 2842 2248 2906 Turno.

537 2946 753 3029 Surge
784 2966 929 3029 age,
964 2957 1033 3012 et
1064 2947 1330 3011 Aurora
1362 2947 1577 3012 socios
1608 2947 1917 3011 veniente
1947 2945 2172 3010 vocari

539 3049 793 3115 Primus
823 3052 891 3114 in
923 3071 1110 3114 arma
1140 3050 1314 3125 iube,
1350 3060 1417 3115 et
1448 3050 1738 3134 clipeum
1773 3070 1959 3133 cape,
1987 3069 2187 3133 quem
2219 3048 2402 3113 dedit
2432 3045 2572 3130 ipse

541 3153 871 3217 Invictum
906 3154 1325 3238 IgnipotenS,
1361 3164 1562 3238 atque
1595 3169 1746 3219 oras
1778 3153 2007 3217 ambiit
2039 3172 2219 3216 aum.

538 3254 845 3320 Crastina
876 3258 1006 3335 lux,
1041 3278 1192 3323 mea
1222 3258 1280 3321 si
1304 3279 1439 3322 non
1471 3257 1669 3322 inrita
1700 3257 1877 3322 dicta
1910 3257 2182 3339 putaris,

363 3382 460 3439 245
527 3360 864 3443 'Ingentes
899 3360 1189 3426 Rutulae
1222 3362 1554 3445 spectabit
1582 3362 1807 3426 caedis
1839 3360 2176 3425 acervos.’'

630 3464 943 3541 Dixerat;
990 3475 1061 3530 et
1090 3466 1323 3530 dextra
1354 3466 1706 3530 discedens
1738 3466 2000 3547 impulit
2031 3464 2253 3540 altam,

546 3568 750 3633 Haud
782 3570 1017 3651 ignara
1050 3569 1246 3646 modi,
1284 3570 1584 3653 puppim.
1683 3570 1885 3651 Fugit
1918 3569 2030 3632 illa
2063 3587 2183 3650 per
2213 3567 2426 3630 undas

545 3672 749 3738 Ocior
778 3684 845 3737 et
878 3671 1091 3737 iaculo
1122 3682 1190 3737 et
1222 3683 1456 3737 ventos
1488 3684 1819 3756 aequante
1854 3674 2114 3754 sagitta.

550 3777 718 3848 Inde
749 3777 917 3847 aliae
948 3778 1243 3847 celerant
1273 3798 1527 3847 cursus.
1625 3778 1865 3866 Stupet
1898 3777 2144 3845 inscius
2175 3775 2318 3864 ipse
