3015 4288
370 2443 434 2480 10

371 2954 432 3010 ¹5

369 3479 432 3515 20

876 819 958 931 P.
1029 819 1497 893 VERGILI
1579 815 2093 919 MARONIS

1058 1028 1941 1129 AENEIDOS.

1068 1310 1359 1377 LIBER
1423 1309 1904 1377 SEPTIMUS

638 1481 742 1545 Tu
775 1501 1040 1565 quoque
1071 1478 1370 1543 litoribus
1399 1477 1667 1556 nostris,
1701 1478 1965 1544 Aeneia
1992 1479 2233 1556 nutrix,

551 1585 919 1648 Aeternam
952 1584 1241 1647 moriens
1273 1582 1548 1659 famam,
1583 1582 1835 1660 Caieta,
1868 1582 2112 1647 dedisti
2130 1604 2148 1662 ;

557 1688 643 1751 Et
673 1707 850 1751 nunc
883 1695 1107 1750 servat
1135 1687 1349 1750 honos
1378 1687 1611 1750 sedem
1639 1695 1816 1763 tuuS,
1849 1706 2137 1770 ossaque
2166 1698 2416 1754 nomen'

553 1790 888 1874 Hesperia
918 1791 986 1853 in
1019 1810 1283 1873 magna,
1316 1789 1375 1854 si
1404 1811 1540 1874 qua
1568 1800 1674 1855 est
1702 1811 1785 1855 ea
1815 1790 2047 1873 gloria,
2081 1790 2321 1873 signat.

549 1897 648 1961 At
677 1895 829 1979 pius
858 1894 1190 1977 exsequiis
1220 1895 1497 1958 Aeneas
1527 1897 1653 1959 rite
1684 1893 1935 1972 solutiS,

549 2000 827 2081 Aggere
857 1999 1230 2081 composito
1259 1997 1521 2076 tumuli,
1555 2009 1914 2083 postquam
1945 1998 2082 2063 alta
2110 2001 2424 2084 quierunt

549 2105 887 2187 Aequora,
920 2102 1137 2168 tendit
1164 2103 1294 2168 iter
1320 2102 1509 2182 veIiS,
1543 2113 1947 2188 portumque
1976 2102 2307 2188 relinquit.

550 2207 924 2291 Adspirant
955 2228 1157 2273 aurae
1187 2207 1256 2272 in
1288 2219 1575 2285 noctem,
1610 2229 1736 2273 nec
1767 2207 2055 2272 candida
2084 2228 2318 2272 cursus

552 2312 747 2376 Luna
775 2321 1000 2393 negat,
1033 2311 1347 2393 splendet
1374 2311 1660 2375 tremulo
1692 2310 1817 2375 sub
1849 2309 2099 2375 lumine
2129 2321 2395 2395 pontus.

554 2415 857 2478 Proxima
888 2414 1205 2479 Circaeae
1235 2416 1563 2479 raduntur
1593 2415 1786 2479 litora
1814 2424 2053 2492 terrae,

552 2518 760 2582 Dives
790 2519 1168 2582 inaccessos
1200 2517 1315 2582 ubi
1350 2517 1528 2582 Solis
1557 2518 1691 2581 filia
1723 2517 1908 2583 lucos
2188 2597 2195 2604 .

549 2621 857 2685 Adsiduo
888 2630 1158 2685 resonat
1188 2632 1410 2698 cantu,
1444 2622 1771 2705 tectisque
1804 2621 2107 2704 superbis

549 2724 705 2791 Urit
734 2724 1079 2788 odoratam
1113 2734 1443 2789 nocturna
1473 2724 1544 2788 in
1577 2724 1829 2788 lumina
1862 2727 2152 2802 cedrum,

548 2829 817 2910 Arguto
845 2837 1085 2892 tenues
1118 2849 1519 2912 percurrens
1551 2829 1815 2911 pectine
1846 2828 2030 2894 telas.

555 2932 736 2995 Hinc
768 2931 1066 2996 exaudiri
1098 2930 1388 3014 gemitus
1419 2930 1690 3016 iraeque
1726 2931 2009 3010 leonum,

546 3034 790 3101 Vincla
821 3045 1250 3099 recusantum
1282 3045 1351 3100 et
1382 3056 1534 3099 sera
1566 3034 1689 3099 sub
1721 3045 1917 3101 nocte
1948 3037 2323 3114 rudentum,

548 3138 1010 3222 Saetigerique
1045 3160 1200 3203 sues
1231 3149 1435 3223 atque
1464 3141 1535 3203 in
1570 3140 2051 3223 praesaepibus
2080 3141 2217 3204 ursi

549 3241 839 3320 Saevire,
874 3263 954 3307 ac
987 3243 1245 3307 formae
1277 3264 1678 3327 magnorum
1713 3244 1967 3308 ululare
2001 3244 2323 3326 luporum,

549 3345 738 3430 Quos
770 3347 1117 3411 hominum
1151 3369 1234 3412 ex
1265 3349 1439 3413 facie
1471 3348 1599 3414 dea
1632 3368 1831 3412 saeva
1864 3347 2247 3431 potentibus
2279 3347 2502 3413 herbis

551 3452 873 3515 Induerat
909 3452 1099 3517 Circe
1133 3451 1199 3515 in
1232 3453 1455 3516 vultus
1487 3473 1567 3516 ac
1599 3462 1791 3534 terga
1822 3452 2133 3515 ferarum.

549 3555 741 3638 Quae
776 3576 860 3620 ne
894 3565 1191 3618 monstra
1222 3556 1314 3638 pii
1346 3566 1736 3637 paterentur
1766 3556 1926 3619 talia
1956 3555 2168 3619 Troes

553 3659 775 3723 Delati
808 3659 874 3722 in
909 3668 1159 3741 portuS,
1196 3680 1327 3722 neu
1359 3659 1551 3723 litora
1581 3659 1728 3722 dira
1759 3659 2075 3736 subirent,

552 3763 911 3845 Neptunus
943 3761 1161 3824 ventis
1192 3761 1489 3844 implevit
1523 3764 1672 3826 vela
1706 3763 2033 3840 secundis,

1436 3872 1524 3923 181
