3015 4288
471 254 596 318 208

469 565 532 620 25

465 1604 528 1659 35

462 2639 527 2695 45

467 3159 532 3216 50

474 3682 530 3741 55

1183 255 1502 309 VERGILI
1557 255 1717 310 AEN
1723 255 1959 310 EIDOS

648 437 896 504 Omnia
927 437 1284 520 pervolitat
1315 434 1647 513 late'loca,
1680 436 1947 520 iamque
1979 437 2102 501 sub
2135 457 2334 500 auras

652 542 946 624 Erigitur
978 539 1353 623 summique
1384 540 1543 604 ferit
1575 540 1915 623 laquearia
1943 542 2120 605 tecti.

649 645 800 709 Nox
830 654 993 721 erat,
1026 652 1095 707 et
1125 653 1336 707 terras
1368 643 1684 706 animalia
1713 644 1898 708 fessa
1928 663 2050 727 per
2078 665 2311 709 omnes

645 749 950 813 Alituum
983 746 1455 831 pecudumque
1485 767 1706 830 genus
1738 768 1939 830 sopor
1969 749 2145 811 altus
2174 747 2486 824 habebat,

646 852 816 918 Cum
849 862 1042 936 pater
1069 853 1142 915 in
1178 850 1325 934 ripa
1356 850 1694 935 gelidique
1726 850 1852 915 sub
1883 851 2173 916 aetheris
2202 870 2327 915 axe

644 956 937 1033 AeneaS,
971 955 1146 1019 tristi
1176 955 1486 1019 turbatus
1518 963 1794 1038 pectora
1821 953 2018 1034 bello,

646 1059 1005 1125 Procubuit
1035 1078 1390 1142 seramque
1423 1058 1610 1122 dedit
1639 1079 1761 1143 per
1791 1058 2092 1124 membra
2121 1060 2432 1144 quietem.

645 1163 824 1228 Huic
856 1163 1023 1227 deus
1054 1162 1201 1246 ipse
1232 1161 1364 1228 loci
1393 1161 1597 1227 fluvio
1626 1161 1985 1227 Tiberinus
2015 1182 2299 1229 amoeno

645 1268 975 1352 Populeas
1006 1266 1179 1331 inter
1209 1268 1434 1331 senior
1464 1287 1538 1331 se
1569 1267 1872 1333 attollere
1902 1266 2177 1332 frondes

641 1373 952 1437 Visus—
969 1391 1124 1435 eum
1156 1370 1379 1435 tenuis
1410 1370 1652 1454 glauco
1683 1370 1951 1435 velabat
1980 1373 2229 1437 amictu

642 1476 997 1551 Carbasus,
1029 1483 1098 1539 et
1127 1475 1347 1538 crines
1383 1473 1698 1538 umbrosa
1727 1474 2000 1556 tegebat
2028 1476 2304 1552 arundo,
2325 1512 2416 1522 —

642 1580 819 1643 Tum
851 1578 945 1642 sie
977 1577 1197 1642 adfari
1227 1587 1296 1642 et
1328 1597 1525 1643 curas
1559 1577 1665 1643 his
1697 1577 1967 1643 demere
1997 1578 2235 1643 dictis:

734 1689 769 1716 ‘⁴
791 1683 855 1749 O
888 1690 1032 1746 sate
1056 1691 1260 1764 gente
1292 1681 1515 1758 deum,
1549 1681 1912 1746 Troianam
1945 1703 2026 1747 ex
2056 1682 2359 1747 hostibus
2388 1683 2620 1750 urbem

644 1787 779 1872 Qui
809 1785 1075 1850 revehis
1105 1785 1300 1848 nobis
1336 1795 1744 1869 aeternaque
1779 1787 2105 1869 Pergama
2135 1807 2383 1864 εει-νας,

642 1892 1049 1973 Exspectate
1081 1888 1223 1952 solo
1260 1888 1587 1953 Laurenti
1622 1891 1931 1973 arvisque
1964 1885 2244 1968 Latinis,

646 1996 778 2059 Hic
810 1992 929 2056 tibi
960 2002 1145 2056 certa
1176 1991 1434 2070 domus,
1472 1994 1848 2057 certi—ne
1881 1993 2131 2058 absiste
2149 2031 2236 2043 —
2261 1995 2548 2059 Penates
2565 2017 2584 2074 ;

646 2099 798 2163 Neu
830 2096 987 2162 belli
1016 2105 1267 2162 terrere
1301 2095 1540 2162 minis:
1583 2106 1806 2162 tumor
1834 2099 2052 2164 omnis
2080 2106 2150 2164 et
2177 2099 2315 2164 irae

642 2204 1051 2271 Concessere
1085 2201 1307 2265 deum.

644 2309 925 2390 Iamque
956 2304 1095 2383 tibi,
1129 2325 1217 2369 ne
1248 2325 1424 2369 vana
1458 2315 1655 2390 putes
1685 2306 1853 2372 haec
1885 2306 2140 2390 fingere
2169 2327 2499 2386 somnum,

645 2410 930 2476 Litoreis
961 2410 1202 2491 ingens
1235 2409 1512 2474 inventa
1543 2410 1667 2475 sub
1696 2410 1957 2475 ilicibus
1988 2430 2121 2490 suS,

639 2502 947 2597 Triginta
979 2513 1273 2595 capitum
1309 2513 1490 2577 fetus
1523 2513 1735 2591 enixa,
1768 2513 2030 2592 iacebit,

641 2616 840 2694 Alba,
877 2618 1019 2681 solo
1050 2615 1402 2694 recubanS,
1441 2617 1575 2681 albi
1606 2617 1854 2681 circum
1886 2620 2091 2682 ubera
2121 2618 2281 2684 nati.

642 2719 776 2784 Hic
809 2721 995 2785 locus
1028 2720 1210 2784 urbis
1241 2721 1384 2798 erit,
1426 2720 1691 2804 requies
1721 2742 1803 2785 ea
1833 2731 2015 2786 certa
2045 2721 2386 2800 laborum3

642 2823 746 2887 Ex
776 2846 909 2908 quo
940 2835 1042 2889 ter
1072 2825 1261 2889 denis
1293 2825 1527 2888 urbem
1562 2824 1993 2889 redeuntibus
2025 2825 2218 2890 annis

641 2928 980 2992 Ascanius
1012 2930 1173 2992 clari
1204 2929 1450 2992 condet
1482 2928 1899 3011 cognominis
1932 2928 2200 2994 Albam.

731 3038 768 3065 “
792 3032 999 3097 Haud
1023 3032 1277 3097 incerta
1301 3053 1487 3097 cano.
1574 3032 1772 3097 Nunc
1798 3052 1931 3116 qua
1953 3033 2228 3112 ratione,
2256 3034 2434 3118 quod
2457 3034 2671 3112 instat,

645 3137 983 3220 Expedias
1014 3138 1244 3213 victor,
1285 3137 1518 3220 paucis
1542 3175 1633 3184 —-
1648 3136 1920 3201 adverte
1942 3173 2023 3183 —
2045 3137 2318 3202 docebo.

642 3241 947 3306 Arcades
981 3242 1085 3305 his
1116 3243 1268 3319 oriS,
1302 3261 1518 3324 genus
1551 3261 1591 3305 a
1625 3241 1925 3305 Pallante
1958 3242 2354 3325 profectum,

644 3346 782 3430 Qui
811 3366 1040 3428 regem
1078 3345 1468 3410 Euandrum
1501 3344 1799 3423 comiteS,
1835 3350 1951 3429 qui
1981 3347 2174 3428 signa
2205 3347 2433 3424 secuti,

646 3451 980 3533 Delegere
1015 3452 1234 3515 locum
1265 3459 1335 3515 et
1364 3470 1649 3534 posuere
1680 3451 1750 3514 in
1783 3449 2122 3515 montibus
2153 3448 2386 3513 urbem

647 3555 966 3619 Pallantis
1001 3554 1232 3637 proavi
1263 3555 1348 3618 de
1379 3555 1649 3619 nomine
1685 3553 2118 3619 Pallanteum.

647 3659 742 3722 Hi
774 3658 1023 3722 bellum
1057 3658 1335 3722 adsidue
1367 3657 1624 3721 ducunt
1653 3677 1805 3720 cum
1839 3668 2041 3740 gente
2076 3658 2352 3735 Latina;

648 3763 798 3826 Hos
827 3762 1064 3827 castris
1098 3761 1341 3825 adhibe
1374 3761 1610 3838 sociOS,
1642 3771 1712 3825 et
1743 3760 2018 3825 foedera
2047 3763 2267 3844 iunge.
