3015 4288
1142 269 1372 323 LIBER
1423 269 1786 324 OCTAVUS
2433 280 2471 331 2
2483 282 2508 331 1
2522 279 2561 346 7

520 449 791 514 'Primus
823 450 908 515 ab
940 452 1238 516 aetherio
1269 451 1452 516 venit
1486 452 1817 517 Saturnus
1850 453 2164 538 Olympo,

350 578 450 629 320
526 555 740 617 Arma
775 555 955 620 Iovis
985 556 1256 637 fugiens
1288 566 1353 620 et
1385 555 1613 638 regnis
1644 557 1832 619 exsul
1855 556 2202 639 ademptis.

527 658 597 721 Is
628 677 844 739 genus
876 658 1161 723 indocile
1193 680 1272 723 ac
1302 660 1682 742 dispersum
1715 659 2050 723 montibus
2080 659 2230 724 altis

525 761 937 845 Composuit,
973 764 1291 846 legesque
1322 763 1527 839 dedit,
1566 763 1966 846 Latiumque
2001 762 2226 827 vocari

527 866 785 942 Maluit,
821 867 924 930 his
957 866 1269 949 quoniam
1306 867 1612 931 latuisset
1651 863 1836 930 tutus
1865 869 1934 930 in
1966 866 2115 931 oriS.

522 970 755 1034 Aurea
785 989 956 1053 quae
989 969 1364 1053 perhibent,
1397 970 1512 1035 illo
1544 970 1670 1035 sub
1700 990 1862 1053 rege
1892 971 2082 1036 fuere

345 1095 441 1150 ³25
522 1073 823 1139 Saecula.
922 1074 1033 1139 Sic
1066 1073 1332 1158 placida
1362 1075 1649 1158 populos
1678 1075 1747 1137 in
1779 1094 1947 1157 pace
1979 1073 2273 1156 regebat,

345 2132 437 2188 335

525 1177 834 1241 Deterior
863 1177 1078 1241 donec
1112 1178 1435 1261 paulatim
1470 1198 1550 1243 ac
1581 1177 1847 1242 decolor
1876 1188 2063 1241 aetas

523 1280 614 1345 Et
642 1279 800 1344 belli
829 1280 1047 1345 rabies
1077 1291 1146 1347 et
1177 1302 1364 1346 amor
1395 1282 1716 1346 successit
1749 1281 2055 1346 habendi.

518 1384 696 1449 Tum
726 1405 967 1449 manus
998 1385 1307 1449 Ausonia
1338 1396 1406 1450 et
1439 1395 1677 1468 gentes
1709 1405 1954 1450 venere
1986 1385 2289 1462 Sicanae,

522 1487 807 1571 Saepius
837 1497 906 1552 et
936 1509 1184 1553 nomen
1217 1491 1440 1572 posuit
1472 1489 1790 1553 Saturnia
1820 1490 2055 1567 tellus;

518 1592 693 1656 Tum
725 1612 923 1675 reges
954 1613 1286 1676 asperque
1317 1593 1592 1656 immani
1623 1613 1901 1675 corpore
1932 1592 2244 1678 Thybris,

519 1696 588 1759 A
618 1716 752 1780 quo
784 1705 940 1779 post
973 1697 1128 1760 Itali
1158 1695 1434 1760 fluvium
1467 1697 1868 1778 cognomine
1900 1695 2227 1781 Thybrim

520 1798 863 1877 Diximus3
912 1800 1133 1863 amisit
1165 1820 1397 1863 verum
1429 1808 1623 1864 vetus
1656 1799 1904 1863 Albula
1934 1819 2198 1863 nomen.

519 1903 636 1967 Me
668 1903 933 1985 pulsum
970 1904 1184 1985 patria
1220 1903 1576 1987 pelagique
1607 1909 1902 1967 extrema
1934 1910 2326 1985 sequentem

520 2007 819 2070 Fortuna
849 2006 1273 2089 omnipotens
1303 2016 1372 2070 et
1402 2006 1825 2071 ineluctabile
1857 2007 2070 2070 fatum

519 2109 651 2175 His
684 2129 969 2194 posuere
1000 2109 1180 2187 lociS,
1215 2110 1580 2194 matrisque
1614 2130 1812 2193 egere
1836 2110 2184 2175 tremenda

519 2213 897 2279 Carmentis
930 2214 1292 2300 Nymphae
1325 2213 1580 2277 mon'ita
1611 2223 1679 2278 et
1709 2215 1874 2278 deus
1907 2224 2138 2278 auctor
2169 2214 2480 2296 Apollo.”

602 2318 736 2383 Vix
764 2337 847 2382 ea
876 2318 1090 2395 dicta;
1123 2318 1367 2382 dehinc
1401 2338 1798 2401 progressus
1832 2326 2158 2381 monstrat
2181 2327 2248 2381 et
2279 2337 2461 2381 aram

519 2421 609 2486 Et
640 2421 1133 2487 Carmentalem
1171 2422 1459 2485 Romani
1490 2422 1759 2485 nomine
1792 2430 2052 2504 portam

518 2523 742 2610 Quam
775 2534 1166 2602 memorant,
1206 2525 1571 2611 Nymphae
1608 2524 1901 2608 priscum
1945 2523 2320 2590 Carmentis
2350 2524 2553 2589 hono-

692 2648 853 2705 rem,

342 2755 443 2809 ³40
517 2732 713 2798 Vatis
743 2731 1080 2810 fatidicae,
1113 2733 1356 2797 cecinit
1387 2752 1559 2815 quae
1593 2732 1807 2815 prima
1838 2732 2101 2796 futuros

346 3273 439 3328 345

519 2836 880 2901 Aeneadas
901 2856 1195 2919 -magnos
1226 2846 1294 2899 et
1325 2834 1548 2899 nobile
1583 2836 2013 2899 Pallanteum.

521 2939 704 3003 Hinc
738 2939 959 3004 lucum
993 2940 1358 3022 ingentem,
1395 2960 1594 3023 quem
1633 2939 1959 3002 Romulus
1991 2959 2144 3003 acer
2177 2938 2462 3025 Asylum

522 3042 806 3107 Rettulit
836 3053 904 3108 et
935 3044 1156 3125 gelida
1187 3053 1516 3107 monstrat
1548 3042 1672 3107 sub
1704 3063 1871 3124 rupe
1907 3042 2259 3124 Lupercal,

522 3145 872 3210 Parrhasio
904 3147 1154 3211 dictum
1191 3148 1410 3211 Panos
1440 3148 1527 3210 de
1558 3166 1742 3210 more
1777 3146 2040 3231 Lycaei.

521 3250 669 3314 Nec
700 3269 836 3313 non
869 3259 936 3314 et
967 3253 1138 3314 sacri
1168 3259 1495 3314 monstrat
1526 3270 1762 3315 nemus
1793 3249 2099 3331 Argileti,

519 3352 968 3437 Testaturque
1000 3354 1238 3430 locum,
1273 3364 1342 3418 et
1372 3354 1581 3419 letum
1613 3355 1809 3417 docet
1843 3354 2124 3435 hospitis
2158 3354 2358 3437 Argi.'

526 3456 708 3521 Hinc
740 3457 825 3521 ad
857 3458 1214 3541 Tarpeiam
1249 3458 1474 3522 sedem
1510 3467 1578 3521 et
1611 3458 1941 3538 Capitolia
1973 3457 2174 3533 ducit,

524 3562 755 3625 Aurea
786 3582 982 3636 nunc,
1017 3562 1172 3626 olim
1206 3560 1620 3625 silvestribus
1654 3561 1919 3624 horrida
1957 3561 2191 3624 dumis.

613 3666 757 3729 Iam
790 3676 931 3731 turn
964 3665 1197 3747 religio
1230 3665 1506 3749 pavidos
1539 3666 1829 3727 terrebat
1860 3674 2162 3745 agrestes

354 3792 449 3853 ³⁵⁰
529 3770 703 3851 Dira,
723 3771 888 3856 loci3
936 3770 1067 3841 iam
1099 3779 1241 3843 tum
1274 3770 1507 3843 silvam
1542 3789 1906 3862 saxumque
1939 3768 2332 3854 tremebant.
2365 3778 2370 3783 ’
