3015 4288
415 611 503 665 ¹55

416 1119 504 1169 160

414 1638 505 1706 165

408 2173 506 2221 170

402 2691 499 2744 175

395 3198 498 3249 180

391 3719 492 3788 185

1210 301 1440 358 LIBER
1490 303 1831 360 ‘rannus
2534 297 2615 378 85

673 482 931 567 “Quod
962 483 1081 548 tibi
1113 484 1335 548 delato
1368 484 1726 570 Ortygiam
1759 484 2058 550 dicturus
2090 484 2341 568 Apollo
2372 492 2495 561 est,

589 587 651 649 Η
660 589 720 652 ic
753 587 953 663 canit,
987 597 1054 651 et
1086 597 1202 652 tua
1234 609 1357 651 nos
1388 608 1473 652 en
1506 588 1678 652 ultro
1711 589 1797 653 ad
1829 589 2059 652 limina
2092 588 2309 653 mittit.

585 691 729 755 Nos
761 700 846 768 te,
887 691 1232 756 Dardania
1263 693 1558 768 incensa,
1593 702 1843 776 tuaque
1875 714 2061 757 arma
2091 695 2322 770 secuti,

586 795 729 859 Nos
760 795 1089 859 tumidum
1123 795 1248 859 sub
1280 806 1345 859 te
1379 798 1716 879 permensi
1748 797 2072 861 classibus
2103 817 2372 880 aequor,

588 899 775 964 Idem
805 909 1123 964 venturos
1156 899 1466 963 tollemus
1498 899 1568 963 in
1600 909 1781 964 astra
1810 911 2109 983 nepoteS,
2189 910 2194 915 ’

588 1004 1086 1087 Imperiumque
1118 1002 1266 1066 urbi
1299 1001 1625 1067 dabimus,
1718 1004 1827 1068 Tu
1857 1005 2122 1069 moenia
2151 1007 2414 1088 magnis

587 1108 842 1190 Magna
875 1129 1058 1192 para,
1096 1108 1506 1190 longumque
1542 1108 1748 1190 fugae
1778 1128 1865 1172 ne
1896 1108 2122 1192 linque
2155 1109 2472 1173 laborem.

589 1212 956 1276 Mutandae
988 1212 1201 1276 sedes.
1303 1211 1459 1275 Non
1495 1211 1660 1276 haec
1691 1213 1812 1277 tibi
1843 1212 2037 1277 litora
2066 1212 2277 1278 suasit
2399 1224 2404 1229 ’

590 1314 823 1379 Delius
854 1326 970 1380 aut
1002 1316 1244 1382 Cretae
1278 1316 1470 1380 iussit
1503 1316 1850 1381 considere
1884 1316 2151 1399 Apollo.

589 1417 713 1482 Est
743 1420 945 1496 locuS,
986 1419 1390 1502 Hesperiam
1426 1420 1587 1484 Grai
1618 1420 2017 1503 cognomine
2048 1421 2298 1498 dicunt,

586 1522 795 1587 Terra
825 1525 1118 1606 antiqua,
1155 1532 1398 1606 potens
1431 1523 1634 1588 armis
1666 1533 1867 1607 atque
1897 1523 2102 1588 ubere
2131 1525 2450 1607 glaebae;

588 1625 867 1690 Oenotri
898 1628 1163 1691 coluere
1193 1626 1356 1705 viri3
1405 1648 1585 1692 nunc
1618 1629 1803 1692 fama
1834 1630 2123 1692 minores

591 1729 853 1793 Italiam
882 1729 1127 1795 dixisse
1159 1731 1349 1795 ducis
1380 1731 1465 1795 de
1497 1732 2115 1814 nomine.gentem:

592 1833 743 1898 Hae
775 1834 967 1898 nobis
1000 1835 1310 1917 propriae
1342 1835 1579 1911 sedes3
1626 1835 1781 1900 hinc
1816 1836 2176 1900 Dardanus
2206 1845 2409 1914 ortus»,

593 1937 942 2020 Iasiusque
974 1922 1183 2020 paterj
1220 1959 1435 2021 genus
1468 1959 1509 2002 a
1540 1960 1673 2022 quo
1707 1939 2011 2023 principe
2042 1949 2362 2003 nostrum.

591 2041 806 2123 Surge
838 2061 982 2123 age,
1018 2051 1087 2106 et
1115 2042 1283 2106 haec
1317 2041 1534 2106 laetus
1567 2043 1895 2125 longaevo
1926 2043 2105 2107 dicta
2136 2042 2398 2127 parenti

591 2146 796 2210 Haud
830 2144 1196 2211 dubitanda
1230 2147 1446 2225 refer3
1497 2148 1868 2233 Corythum
1900 2158 2246 2231 terrasque
2275 2146 2571 2231 requirat

589 2250 945 2314 Ausonias.
1045 2251 1329 2315 Dictaea
1361 2261 1570 2334 negat
1601 2251 1720 2316 tibi
1755 2252 2061 2336 Iuppiter
2090 2250 2312 2315 arva.’'

674 2354 955 2428 Talibus
986 2357 1308 2419 attonitus
1342 2354 1503 2419 visis
1535 2365 1604 2419 et
1633 2375 1800 2419 voce
1831 2355 2216 2419 deorum—

593 2458 736 2522 Nec
769 2478 971 2540 sopor
1001 2458 1164 2522 illud
1199 2468 1360 2535 erat,
1398 2459 1517 2523 sed
1551 2479 1775 2523 coram
1808 2459 2222 2540 adgnoscere
2252 2458 2476 2524 vultus

587 2561 994 2644 Velatasque
1026 2581 1253 2626 comas
1289 2562 1804 2645 praesentiaque
1834 2582 1952 2626 ora
1982 2561 2294 2638 videbar;

587 2665 762 2727 Tum
793 2663 1056 2746 gelidus
1086 2674 1228 2729 toto
1263 2666 1581 2729 manabat
1612 2686 1891 2749 corpore
1923 2665 2229 2729 sudor—
2309 2679 2315 2694 ·

587 2767 890 2851 Corripio
921 2788 959 2832 e
991 2767 1214 2832 stratis
1248 2789 1512 2852 corpus,
1547 2769 1884 2852 tendoque
1916 2768 2192 2852 supinas

586 2871 701 2935 Ad
732 2870 988 2934 caelum
1021 2892 1173 2936 cum
1206 2892 1371 2937 voce
1406 2893 1662 2950 manus,
1700 2882 1768 2937 et
1798 2892 2078 2936 munera
2109 2871 2243 2936 libo

589 2975 995 3039 Intemerata
1026 2975 1214 3040 focis.
1315 2976 1624 3066 Perfecto
1657 2977 1874 3041 laetus
1905 2977 2157 3042 honore

584 3079 931 3144 Anchisen
965 3079 1141 3144 facio
1175 3091 1449 3157 certum,
1488 3101 1761 3164 remque
1793 3080 2026 3145 ordine
2058 3080 2303 3164 pando,

585 3183 932 3265 Adgnovit
969 3184 1225 3268 prolem
1263 3185 1647 3268 ambiguam
1685 3186 2121 3267 geminosque
2153 3194 2483 3267 parenteS,

587 3287 808 3369 Seque
840 3308 1014 3352 novo
1048 3298 1350 3353 veterum
1385 3290 1742 3372 deceptum
1775 3309 1997 3353 errore
2029 3288 2341 3353 locorum.

585 3390 759 3453 Turn
791 3402 1154 3456 memorat:
1206 3398 1244 3425 “
1268 3393 1463 3469 Nate,
1504 3393 1726 3458 Iliacis
1762 3392 2048 3457 exercite
2077 3393 2254 3469 fatis,

587 3493 744 3559 Sola
775 3494 938 3559 mihi
970 3495 1137 3560 tales
1168 3516 1364 3564 casus
1398 3497 1778 3561 Cassandra
1810 3496 2114 3562 canebat.
2511 3567 2515 3578 ‚

589 3598 788 3664 Nunc
823 3608 1054 3681 repeto
1087 3600 1253 3664 haec
1285 3601 1517 3681 generi
1549 3600 1951 3684 portendere
1986 3599 2212 3664 debita
2241 3609 2488 3676 nostr0‚

589 3700 677 3764 Et
712 3722 910 3783 saepe
947 3703 1368 3784 Hesperiam,
1404 3723 1609 3785 saepe
1644 3703 1817 3767 Itala
1850 3724 2058 3785 regna
2090 3723 2362 3768 vocare..
2407 3737 2408 3742 κ

591 3804 726 3870 Sed
758 3805 905 3888 quis
938 3804 1022 3868 ad
1061 3805 1434 3887 Hesperiae
1465 3815 1786 3871 venturos
1818 3807 2010 3869 litora
2042 3808 2339 3874 Teucros
2371 3865 2376 3870 ,
