3015 4288
361 1835 429 1887 70

362 2349 425 2405 ⁷5

1195 272 1423 332 mssER
1476 273 1779 333 sEx‘rus
2466 282 2583 353 153

549 452 872 525 Dardana
904 458 1018 544 qui
1052 456 1308 522 Paridis
1339 457 1595 521 derexti
1626 458 1762 522 tela
1794 477 2167 542 manusque

543 565 806 647 Corpus
837 563 905 627 in
940 563 1300 639 Aeacidae,
1336 582 1621 644 magnas
1653 561 1972 626 obeuntia
2002 572 2214 626 terras

542 668 674 732 Tot
705 667 914 731 maria
942 666 1184 731 intravi
1215 667 1386 730 duce
1416 674 1484 730 te
1517 666 1920 750 penitusque
1950 675 2254 749 repostas

544 771 918 857 Massylum
952 781 1192 855 gentes
1223 780 1712 855 praetentaque
1745 770 2055 856 Syrtibus
2084 790 2261 846 arva,

543 875 689 939 Iam
719 876 993 940 tandem
1028 875 1264 939 Italiae
1297 875 1640 958 fugientes
1671 873 2061 958 prendimus
2090 894 2281 953 oras;

545 979 699 1044 Hac
728 979 1023 1044 Troiana
1052 987 1252 1043 tenus
1283 980 1488 1043 fuerit
1524 978 1825 1043 Fortuna
1854 987 2103 1043 secuta.

540 1084 682 1148 Vos
713 1103 981 1168 quoque
1015 1083 1425 1167 Pergameae
1456 1083 1590 1146 iam
1623 1084 1732 1147 fas
1763 1092 1866 1147 est
1897 1102 2172 1166 parcere
2204 1082 2407 1165 genti,

544 1187 766 1271 Dique
797 1188 1097 1272 deaeque
1129 1208 1384 1264 omneS,
1419 1188 1662 1272 quibus
1693 1187 1949 1251 obstitit
1982 1188 2180 1251 Ilium
2212 1197 2280 1251 et
2308 1188 2551 1270 ingens

542 1291 768 1356 Gloria
801 1292 1203 1358 Dardaniae.
1296 1291 1559 1375 Tuque,
1593 1312 1634 1356 o
1666 1290 2086 1355 sanctissima
2114 1300 2323 1369 vates,

543 1395 852 1460 Praescia
883 1396 1164 1473 venturi,
1200 1395 1288 1460 da
1306 1432 1399 1444 —
1416 1416 1553 1459 non
1586 1395 1884 1460 indebita
1913 1415 2120 1479 posco

517 1491 520 1494 ’
546 1500 785 1582 Regna
816 1500 982 1563 meis
1015 1500 1172 1563 fatis
1190 1537 1281 1547 —
1304 1500 1501 1563 Latio
1536 1499 1885 1564 considere
1915 1499 2214 1564 Teucros

545 1602 996 1687 Errantesque
1029 1605 1192 1669 deos
1222 1604 1612 1686 agitataque
1643 1602 1920 1667 numina
1949 1603 2211 1668 Troiae.

540 1707 715 1771 Tum
748 1707 1019 1772 Phoebo
1051 1717 1120 1772 et
1150 1707 1418 1772 Triviae
1452 1707 1665 1771 solido
1696 1707 1780 1771 de
1812 1726 2141 1771 marmore
2170 1708 2492 1790 templum

541 1810 914 1888 Instituam,
949 1812 1293 1894 festosque
1327 1812 1470 1876 dies
1503 1810 1590 1876 de
1622 1811 1893 1875 nomine
1926 1810 2197 1875 Phoebi.

539 1914 640 1978 Te
671 1935 937 1998 quoque
966 1936 1216 1997 magna
1247 1925 1523 1980 manent
1553 1915 1781 1997 regnis
1814 1913 2181 1998 penetralia
2213 1914 2469 1979 nostris.

544 2018 677 2082 Hic
709 2039 836 2100 ego
867 2039 1158 2108 namque
1188 2028 1341 2083 tuas
1373 2029 1589 2084 sortes
1620 2038 1998 2102 arcanaque
2031 2019 2193 2095 fata,

543 2122 742 2187 Dicta
772 2142 962 2188 meae
993 2123 1199 2206 genti,
1236 2143 1503 2207 ponam,
1538 2121 1882 2207 lectosque
1915 2121 2210 2200 sacrab0,

538 2227 762 2304 Alma,
794 2227 989 2291 viros,
1088 2227 1295 2292 Foliis
1325 2236 1589 2293 tantum
1620 2248 1708 2292 ne
1738 2227 2036 2292 carmina
2066 2225 2330 2304 manda,

544 2331 650 2395 Ne
681 2331 947 2395 turbata
978 2333 1206 2396 volent
1228 2332 1480 2416 rapidis
1511 2331 1797 2396 ludibria
1828 2330 2083 2409 ventis3

542 2434 703 2517 Ipsa
734 2454 939 2499 canas
971 2436 1149 2499 oro.’'
1246 2436 1484 2500 Finem
1518 2435 1704 2500 dedit
1732 2455 1847 2500 ore
1879 2433 2214 2518 loquendi.

625 2537 740 2614 At,
776 2539 1028 2603 Phoebi
1058 2540 1356 2604 nondum
1381 2542 1673 2622 patiens,
1706 2539 2016 2604 immanis
2043 2539 2114 2602 in
2146 2547 2338 2603 antro

543 2643 918 2707 Bacchatur
945 2651 1155 2721 vates,
1190 2664 1511 2725 magnum
1543 2646 1600 2708 si
1634 2652 1904 2727 pectore
1935 2643 2147 2727 possit

541 2745 932 2813 Excussisse
964 2747 1201 2826 deum;
1252 2757 1441 2812 tanto
1473 2748 1690 2830 magis
1721 2747 1832 2812 ille
1861 2746 2105 2828 fatigat

536 2849 637 2915 Os
668 2850 990 2928 rabidum,
1025 2852 1172 2915 fera
1203 2851 1408 2915 corda
1438 2851 1742 2928 domans,
1776 2850 2101 2934 fingitque
2134 2849 2516 2932 premendo,

540 2951 735 3018 Ostia
765 2954 1030 3037 iamque
1062 2956 1301 3020 domus
1334 2964 1612 3040 patuere
1644 2954 1946 3036 ingentia
1975 2963 2244 3019 centum

541 3056 798 3140 Sponte
829 3078 968 3136 sua,
1002 3060 1308 3143 vatisque
1341 3061 1571 3125 ferunt
1602 3079 1929 3143 responsa
1958 3078 2079 3142 per
2110 3076 2345 3122 auras:

542 3164 579 3194 “
606 3160 670 3226 Ο
700 3162 973 3227 tandem
1006 3164 1271 3246 magnis
1305 3165 1529 3249 pelagi
1560 3164 1881 3228 defuncte
1913 3161 2215 3246 periclis!

541 3264 676 3331 Sed
706 3275 922 3331 terrae
952 3270 1258 3350 graviora
1291 3277 1579 3334 manent.
1676 3269 1759 3332 In
1791 3285 2001 3349 regna
2035 3265 2276 3330 Lavini

545 3370 973 3440 Dardanidae
1004 3372 1382 3437 venient—
1402 3374 1589 3438 mitte
1621 3373 1796 3437 hanc
1827 3372 1911 3436 de
1945 3379 2215 3455 pectore
2246 3391 2474 3435 curam
2492 3404 2575 3417 —-

542 3473 676 3538 Sed
709 3495 845 3539 non
875 3484 944 3539 et
972 3478 1239 3541 venisse
1269 3478 1515 3542 volent.
1615 3476 1820 3553 Bella,
1860 3476 2126 3540 horrida
2156 3476 2351 3553 bella,

543 3577 632 3641 Et
661 3579 988 3665 Thybrim
1023 3581 1230 3645 multo
1264 3590 1689 3664 spumantem
1724 3580 2051 3663 sanguine
2083 3600 2303 3646 cerno.

543 3680 698 3744 Non
734 3682 977 3748 Simois
1009 3683 1145 3760 tibi,
1180 3705 1304 3749 nec
1332 3685 1666 3759 XanthuS‚
1703 3704 1827 3749 nec
1864 3684 2112 3748 Dorica
2142 3692 2362 3748 castra

549 3783 941 3863 Defuerint3
990 3786 1158 3851 alius
1193 3788 1387 3852 Latio
1419 3789 1551 3852 iam
1585 3798 1817 3872 partus
1850 3787 2170 3863 Achilles,
