3015 4288
1167 285 1397 341 mmm
1449 284 1794 357 Qumrus
2456 300 2581 368 149

543 468 650 535 Ire
680 471 931 547 volunt,
964 489 1365 556 omnemque
1397 470 1605 550 fugae
1639 469 1940 551 perferre
1972 470 2287 535 laborem.

354 601 456 650 770
518 575 707 657 Quos
740 574 953 636 bonus
985 574 1257 636 Aeneas
1289 572 1482 636 dictis
1517 574 1769 635 solatur
1800 574 2048 649 amiciS,

541 679 630 742 Et
660 678 1161 758 consanguineo
1195 677 1550 739 lacrimans
1585 679 2009 741 commendat
2041 680 2351 744 Acestae.

536 783 707 847 Tres
742 782 942 866 Eryci
972 781 1213 842 vitulos
1245 789 1312 843 et
1343 780 1888 862 Tempestatibus
1920 803 2166 864 agnam

536 887 835 953 Caedere
867 886 1107 950 deinde
1138 885 1340 962 iubet,
1374 886 1676 968 solvique
1709 907 1794 951 ex
1823 889 2054 951 ordine
2085 888 2336 951 funem.

539 991 717 1075 Ipse,
752 1002 954 1074 caput
982 1002 1220 1055 tonsae
1249 991 1431 1055 foliis
1461 993 1767 1056 evinctus
1797 992 2029 1069 olivae,

347 1120 447 1175 775
537 1096 738 1160 Stans
772 1096 1001 1178 procul
1034 1098 1105 1159 in
1136 1116 1337 1180 prora
1368 1106 1669 1180 pateram
1702 1106 1908 1171 tenet,
1943 1107 2229 1179 extaque
2260 1097 2472 1159 salsos

536 1199 777 1263 Proicit
808 1200 874 1263 in
909 1200 1149 1263 fluctus
1180 1220 1259 1264 ac
1290 1200 1448 1263 vina
1481 1201 1801 1282 liquentia
1832 1200 2071 1263 fundit.

537 1303 963 1387 Prosequitur
996 1325 1279 1385 surgens
1310 1324 1352 1367 a
1383 1305 1597 1386 puppi
1626 1312 1867 1368 ventus
1897 1313 2170 1382 euntes;

534 1405 854 1473 Certatim
889 1407 1052 1470 socii
1081 1407 1334 1470 feriunt
1363 1427 1547 1470 mare
1579 1417 1648 1471 et
1678 1426 1970 1489 aequora
1999 1416 2287 1471 verrunt.

621 1616 721 1680 At
748 1618 983 1680 Venus
1015 1617 1269 1680 interea
1303 1617 1699 1699 Neptunum
1730 1616 2022 1680 exercita
2054 1617 2228 1679 curis

346 1732 450 1795 780
534 1719 958 1802 Adloquitur,
994 1719 1298 1801 talesque
1327 1720 1620 1783 effundit
1649 1729 1920 1803 pectore
1953 1729 2267 1803 questus:

535 1826 574 1854 “
596 1823 873 1886 Iunonis
906 1825 1130 1903 gravis
1160 1824 1260 1885 ira
1288 1843 1417 1886 nec
1446 1823 1893 1887 exsaturabile
1922 1832 2157 1905 pectus

533 1926 805 2008 Cogunt
835 1946 961 2002 me,
1001 1927 1339 2009 Neptune,
1373 1947 1609 2010 preces
1639 1925 2046 1991 descendere
2076 1926 2145 1988 in
2177 1946 2447 2004 omnes;

535 2029 756 2112 Quam
789 2050 912 2093 nec
944 2030 1149 2111 longa
1179 2029 1339 2106 dies,
1375 2030 1591 2115 pietas
1621 2051 1747 2094 nec
1777 2030 2040 2112 mitigat
2071 2031 2223 2107 ulla,

536 2134 683 2199 Nec
716 2133 896 2199 Iovis
928 2133 1209 2217 imperio
1237 2133 1532 2217 fatisque
1559 2134 1849 2199 infracta
1880 2134 2176 2217 quiescit.

345 2252 446 2317 785
536 2238 692 2301 Non
724 2238 943 2302 media
973 2239 1058 2302 de
1089 2247 1296 2320 gente
1328 2238 1672 2323 Phrygum
1703 2238 2006 2302 exedisse
2036 2239 2351 2302 nefandis

534 2341 790 2406 Urbem
824 2342 994 2405 odiis
1024 2341 1187 2405 satis
1217 2351 1339 2419 est,
1372 2362 1499 2406 nec
1532 2362 1820 2425 poenam
1851 2351 2036 2406 traxe
2069 2362 2191 2425 per
2220 2361 2524 2421 omnem3

539 2445 880 2528 Reliquias
909 2446 1171 2522 Troiae,
1205 2446 1466 2509 cineres
1495 2454 1696 2529 atque
1728 2466 1882 2509 ossa
1913 2454 2301 2529 peremptae

535 2548 935 2631 Insequitur.
1032 2549 1290 2614 Causas
1319 2548 1492 2612 tanti
1523 2551 1688 2612 sciat
1717 2549 1830 2612 illa
1860 2548 2121 2612 furoris,

540 2653 694 2734 Ipse
726 2653 887 2715 mihi
917 2672 1136 2734 nuper
1168 2652 1440 2738 Libycis
1468 2662 1543 2716 tu
1575 2653 1763 2717 testis
1795 2653 1863 2715 in
1897 2653 2092 2716 undis

348 2785 448 2832 790
513 2756 737 2838 Quam
770 2757 1012 2819 molem
1044 2756 1265 2820 subito
1295 2756 1603 2832 excierit3
1651 2757 1861 2819 maria
1892 2756 2114 2819 omnia
2144 2755 2330 2819 caelo

537 2858 828 2935 Miscuit,
862 2859 1121 2922 Aeoliis
1158 2859 1566 2942 nequiquam
1599 2860 1774 2922 freta
1805 2859 2128 2943 procellis,

536 2962 619 3025 In
651 2962 875 3044 regnis
908 2962 1035 3026 hoc
1067 2983 1232 3026 ausa
1263 2962 1411 3026 tuis,

536 3066 663 3128 Per
692 3066 909 3129 scelus
939 3086 1097 3130 ecce
1128 3067 1329 3130 etiam
1361 3067 1672 3148 Troianis
1703 3067 2025 3131 matribus
2057 3065 2221 3129 actis

536 3168 806 3233 Exussit
839 3170 1037 3234 foede
1070 3191 1353 3254 puppeS,
1387 3180 1456 3234 et
1486 3172 1700 3234 classe
1733 3170 1998 3251 subegit

349 3300 445 3352 795
532 3273 808 3336 Amissa
839 3276 1055 3338 socios
1084 3276 1356 3355 ignotae
1389 3275 1686 3357 linquere
1718 3282 1950 3338 terrae.

533 3377 734 3460 Quod
768 3388 1091 3461 superest,
1128 3399 1260 3455 oro,
1299 3378 1494 3442 liceat
1527 3379 1687 3441 dare
1718 3386 1862 3440 tuta
1895 3398 2014 3458 per
2044 3378 2259 3441 undas

529 3481 702 3545 Vela
733 3482 868 3558 tibi,
906 3482 1101 3547 liceat
1136 3483 1540 3546 Laurentem
1575 3483 1905 3564 attingere
1938 3480 2279 3566 Thybrim,

533 3584 605 3650 Si
636 3605 958 3650 concessa
991 3594 1165 3667 peto,
1202 3586 1258 3648 si
1289 3587 1451 3650 dant
1483 3607 1564 3648 ea
1596 3588 1858 3649 moenia
1893 3583 2201 3647 Parcae.”

618 3690 793 3753 Tum
831 3689 1183 3753 Saturnius
1216 3690 1380 3753 haec
1413 3689 1698 3752 domitor
1731 3688 1932 3750 maris
1966 3688 2171 3751 edidit
2204 3689 2354 3750 alti:

351 3807 449 3857 800
534 3798 571 3826 ‘⁶
594 3794 730 3856 Fas
762 3811 960 3855 omne
994 3800 1114 3867 est,
1150 3792 1503 3878 Cytherea,
1540 3794 1705 3855 meis
1736 3799 1803 3854 te
1837 3791 2039 3854 fidere
2072 3790 2315 3871 regniS,
