3015 4288
368 890 468 957 385

372 1939 469 1991 395

370 2464 469 2513 400

1203 274 1434 335 maan
1484 278 1788 335 SEXTUS
2477 280 2590 360 163

554 457 1062 545 Aeternumque
1093 461 1279 527 locus
1312 460 1606 525 Palinuri
1637 483 1882 528 nomen
1915 461 2251 529 habebit.”

556 564 686 628 His
716 565 911 629 dictis
942 584 1143 629 curae
1173 573 1454 641 emotae,
1489 566 1857 650 pulsusque
1887 587 2249 651 parumper

554 669 771 734 Corde
802 668 993 733 dolor
1021 668 1229 746 tristi;
1277 669 1530 751 gaudet
1561 671 1962 751 cognomine
2005 680 2236 737 terrae.

555 773 738 855 Ergo
766 774 894 837 iter
923 772 1268 856 inceptum
1300 782 1637 856 peragunt
1666 772 1998 857 fluvioque
2029 776 2502 861 propinquant.

518 914 525 919 ·
559 876 805 940 Navita
834 897 1004 960 quos
1032 877 1166 951 iam
1197 876 1355 940 inde
1385 887 1462 941 ut
1493 878 1734 961 Stygia
1766 880 2109 961 prospexit
2140 879 2226 942 ab
2257 881 2440 944 unda

553 980 681 1045 Per
707 982 986 1045 tacitum
1017 1001 1257 1044 nemus
1288 980 1384 1044 ire
1416 981 1792 1065 pedemque
1827 982 2174 1047 advertere
2203 982 2407 1067 ripae,

553 1084 663 1150 Sic
696 1084 877 1169 prior
905 1084 1296 1167 aggreditur
1327 1083 1543 1162 dictis,
1578 1093 1779 1169 atque
1813 1085 2117 1169 increpat
2145 1088 2358 1152 ultro:

554 1193 593 1221 “
613 1188 933 1272 Quisquis
963 1209 1057 1266 eS,
1092 1198 1389 1253 armatus
1421 1188 1539 1273 qui
1568 1200 1801 1254 nostra
1831 1189 1918 1254 ad
1948 1189 2224 1254 flumina
2263 1191 2500 1269 tendis,

553 1293 725 1357 Fare
749 1313 896 1375 age,
923 1292 1084 1376 quid
1105 1293 1357 1371 venias,
1384 1292 1519 1357 iarn
1543 1292 1758 1371 istinc,
1784 1303 1853 1358 et
1875 1293 2242 1376 comprime
2265 1315 2589 1377 gressum.

555 1397 965 1487 Umbrarum
995 1396 1105 1461 hic
1136 1396 1323 1461 locus
1352 1407 1477 1474 est,
1515 1397 1751 1462 Somni
1791 1397 2158 1480 Noctisque
2192 1417 2512 1480 soporae;

552 1500 851 1584 Corpora
878 1502 1035 1565 viva
1062 1501 1263 1565 nefas
1294 1501 1538 1588 Stygia
1564 1510 1833 1566 vectare
1864 1500 2106 1566 carina.

553 1604 698 1668 Nec
728 1625 889 1669 vero
922 1605 1211 1668 Alciden
1244 1625 1353 1670 me
1383 1625 1532 1669 sum
1548 1605 1853 1670 ,laetatus
1882 1616 2153 1671 euntem

551 1708 922 1792 Accepisse
954 1708 1123 1785 lacu,
1155 1718 1288 1773 nec'
1313 1709 1585 1773 Thesea
1632 1708 2151 1794 Pirithoumque,

555 1811 679 1875 Dis
711 1832 1117 1896 quamquam
1148 1812 1360 1896 geniti
1389 1823 1592 1896 atque
1623 1812 1852 1877 invicti
1879 1813 2131 1877 viribus
2162 1824 2406 1898 essent.

557 1916 950 1981 Tartareum
982 1916 1095 1981 ille
1126 1937 1331 1980 manu
1363 1917 1709 1981 custodem
1744 1916 1812 1981 in
1843 1917 2065 1981 vincla
2095 1918 2349 2001 petivit,

557 2015 777 2102 Ipsius
809 2039 850 2083 a
879 2019 1045 2084 solio
1077 2020 1276 2102 regiS‚
1307 2023 1641 2102 traxitque
1671 2030 2107 2099 trementem;

554 2120 650 2188 Hi
678 2123 1021 2189 dominam
1057 2124 1235 2189 Ditis
1265 2125 1568 2190 thalamo
1599 2124 1931 2210 deducere
1960 2125 2237 2191 adorti.'’

639 2228 835 2312 Quae
863 2237 1097 2294 contra
1126 2228 1417 2293 breviter
1445 2228 1591 2292 fata
1621 2238 1726 2293 est
1756 2228 2174 2315 Amphrysia
2200 2240 2427 2295 vates:

554 2337 593 2366 ‘⁸
616 2332 858 2397 Nullae
890 2333 999 2397 hic
1028 2332 1310 2396 insidiae
1339 2333 1511 2396 tales
1528 2368 1621 2380 —-
1638 2332 1885 2396 absiste
1918 2333 2276 2397 moveri—

554 2437 702 2501 Nec
730 2437 868 2500 vim
897 2436 1034 2501 tela
1064 2436 1328 2516 ferunt;
1379 2437 1536 2500 licet
1564 2435 1805 2519 ingens
1835 2436 2073 2501 ianitor
2104 2446 2294 2501 antro

550 2539 926 2604 Aeternum
958 2540 1209 2604 latrans
1242 2560 1623 2623 exsangues
1655 2550 1902 2604 terreat
1934 2540 2221 2618 umbraS,

555 2643 757 2708 Casta
785 2644 942 2708 licet
972 2644 1198 2728 patrui
1228 2652 1448 2709 servet
1484 2644 1884 2727 Proserpina
1914 2643 2135 2708 limen.

552 2748 795 2812 Trotus
826 2748 1120 2826 Aeneas,
1156 2747 1404 2830 pietate
1433 2748 1717 2829 insignis
1747 2756 1817 2811 et
1846 2747 2064 2824 armiS,

552 2851 670 2916 Ad
699 2850 1072 2933 genitorem
1102 2851 1272 2914 imas
1306 2850 1512 2914 Erebi
1544 2850 1893 2914 descendit
1921 2851 2007 2915 ad
2038 2850 2328 2916 umbras,

492 3009 499 3015 .
554 2954 631 3020 Si
659 2963 727 3019 te
757 2954 944 3018 nulla
971 2963 1199 3018 movet
1228 2962 1459 3019 tantae
1489 2953 1760 3039 pietatis
1789 2953 2032 3037 imag0,

555 3059 654 3123 At
683 3079 944 3122 ramum
974 3058 1155 3122 hunc
1175 3058 1212 3085 ''
1231 3094 1325 3107 —
1342 3061 1558 3143 aperit
1588 3079 1865 3136 ramum,
1895 3060 2007 3143 qui
2029 3068 2218 3123 veste
2249 3059 2587 3125 latebat-—

556 3162 1079 3246 “Adgnoscas.’'
1173 3162 1463 3227 Tumida
1492 3184 1577 3228 ex
1605 3164 1705 3226 ira
1734 3172 1875 3227 tum
1909 3162 2113 3226 corda
2141 3163 2462 3228 residunt.

558 3267 706 3331 Nec
736 3267 933 3351 plura
962 3265 1085 3332 his.
1183 3266 1308 3332 Ille
1337 3267 1676 3332 admirans
1707 3265 2089 3331 venerabile
2119 3266 2366 3330 donum

559 3370 811 3435 Fatalis
839 3371 1087 3454 virgae,
1123 3374 1326 3455 longo
1358 3381 1514 3456 post
1544 3379 1846 3456 tempore
1875 3372 2113 3448 visum,

377 3502 477 3551 410
557 3474 952 3540 Caeruleam
987 3475 1274 3540 advertit
1304 3475 1607 3560 puppim,
1642 3475 1960 3559 ripaeque
1994 3475 2416 3559 propinquat.

561 3578 730 3644 Inde
760 3580 927 3644 alias
959 3579 1235 3655 animas,
1272 3600 1445 3663 quae
1474 3599 1597 3663 per
1627 3580 1787 3662 iuga
1818 3580 2021 3662 longa
2054 3580 2398 3657 sedebant,

562 3684 913 3760 Deturbat,
948 3683 1257 3766 laxatque
1289 3684 1510 3759 foros;
1559 3683 1757 3746 simul
1788 3683 2030 3765 accipit
2061 3686 2249 3749 alveo

476 3865 485 3878 ·
561 3787 919 3872 Ingentem
952 3788 1257 3851 Aenean.
1353 3787 1624 3851 Gemuit
1654 3785 1779 3849 sub
1811 3786 2107 3870 pondere
2139 3787 2382 3873 cymba
