3015 4288
475 270 603 334 228

470 3487 565 3542 ⁷05

1190 279 1512 333 VERGILI
1564 279 1965 333 AENEIDOS

651 457 942 523 Cernere
972 467 1153 537 erat3
1200 467 1550 541 totumque
1581 456 1905 522 instructo
1940 458 2161 523 Marte
2189 458 2453 524 videres

653 562 940 626 Fervere
974 563 1335 638 Leucaten,
1370 581 1668 646 auroque
1696 562 2025 644 effulgere
2054 558 2316 627 fluctus

654 665 834 729 Hinc
864 666 1220 747 Augustus
1252 685 1464 748 agens
1497 665 1707 729 Italos
1735 667 1806 728 in
1838 666 2090 749 proelia
2120 666 2371 732 Caesar

650 768 820 834 Cum
853 766 1153 852 patribus
1187 768 1590 853 populoque,
1627 768 1990 833 Penatibus
2020 778 2089 832 et
2117 768 2381 852 magnis
2410 769 2533 846 dis,

648 872 850 937 Stans
880 872 1062 935 celsa
1092 869 1162 934 in
1194 870 1445 955 puppi3
1492 871 1797 954 geminas
1827 871 1936 936 cui
1963 881 2270 956 tempora
2299 871 2607 938 flammas

653 974 865 1038 Laeta
893 962 1189 1052 vomunt,
1225 975 1650 1059 patriumque
1680 977 1977 1061 aperitur
2004 976 2253 1041 vertice
2283 975 2488 1041 sidus.

651 1079 846 1143 Parte
876 1078 1007 1142 alia
1033 1079 1255 1143 ventis
1285 1088 1355 1143 et
1384 1079 1488 1143 dis
1519 1080 1834 1164 Agrippa
1864 1079 2176 1145 secundis

648 1182 923 1246 Arduus
952 1202 1194 1265 agmen
1226 1202 1480 1266 agens;
1529 1185 1657 1261 cui,
1687 1183 1847 1248 belli
1873 1183 2136 1267 insigne
2167 1185 2554 1268 superbum,

646 1286 989 1369 Tempora
1018 1285 1242 1351 navali
1273 1287 1544 1371 fulgent
1572 1297 1860 1352 rostrata
1889 1309 2154 1352 corona.
2238 1284 2269 1331 ’-

653 1389 835 1454 Hinc
865 1411 995 1473 ope
1023 1390 1374 1455 barbarica
1402 1391 1738 1475 variisque
1771 1392 2110 1456 Antonius
2140 1393 2362 1471 armiS,

647 1494 878 1559 Victor
909 1495 996 1558 ab
1027 1495 1334 1560 Aurorae
1365 1496 1633 1580 populis
1664 1507 1732 1560 et
1755 1496 1947 1560 litore
1978 1496 2197 1574 rubro,
2281 1497 2289 1505 '

648 1597 1043 1684 Aegyptum
1071 1599 1382 1683 viresque
1414 1599 1713 1665 Orientis
1744 1609 1812 1664 et
1843 1599 2078 1664 ultima
2108 1594 2332 1665 secum

651 1702 893 1767 Bactra
912 1703 1134 1781 vehit3
1182 1705 1634 1786 sequiturque,
1669 1704 1863 1767 nefas
1891 1705 1904 1768 l
1951 1704 2311 1789 Aegyptia·
2329 1705 2631 1769 coniunx.

648 1807 809 1872 Una
839 1827 1073 1871 omnes
1104 1827 1317 1883 ruere,
1351 1827 1430 1871 ac
1462 1816 1676 1870 totum
1709 1807 2345 1890 spumaretreductis

649 1909 1061 1975 Convulsum
1091 1911 1292 1975 remis
1323 1910 1692 1993 rostrisque
1723 1910 2121 1976 tridentibus
2150 1931 2418 1996 aequor.

648 2011 813 2077 Alta
845 2022 1120 2095 petunt:
1167 2013 1422 2103 pelago]
1441 2013 1679 2078 credas
1703 2014 1936 2079 innare
1966 2016 2268 2079 revulsas

647 2115 996 2203 Cycladas»,
1030 2123 1146 2182 aut
1175 2128 1440 2184 montes
1470 2138 1868 2184 concurrere
1900 2118 2235 2183 montibus
2265 2119 2479 2185 altos:

644 2220 869 2286 Tanta
899 2220 1074 2287 mole
1102 2221 1228 2285 viri
1257 2222 1510 2286 turritis
1543 2222 1883 2307 puppibus
1914 2221 2185 2286 instant.

647 2323 953 2408 Stuppea
975 2325 1244 2389 flamma
1276 2346 1477 2389 manu
1509 2326 1793 2410 telisque
1822 2326 2092 2391 volatile
2123 2326 2372 2391 ferrum

650 2426 1042 2512 Spargitur3
1089 2449 1250 2494 arva
1281 2450 1457 2494 nova
1492 2430 1839 2513 Neptunia
1863 2429 2069 2495 caede
2091 2431 2473 2496 rubescunt.

650 2531 913 2614 Regina
934 2533 1004 2607 in
1034 2532 1272 2597 mediis
1305 2534 1522 2616 patrio
1551 2544 1751 2598 vocat
1781 2534 2052 2616 agmina
2083 2534 2296 2611 sistro,

647 2635 955 2700 Necdum
986 2635 1189 2701 etiam
1221 2638 1527 2720 geminos
1558 2657 1599 2700 a
1634 2646 1825 2720 tergo
1855 2638 2128 2720 respicit
2156 2658 2431 2720 angues.

648 2739 1238 2824 Omnigenumque
1279 2740 1481 2805 deum
1514 2750 1812 2805 monstra
1842 2751 1913 2805 et
1942 2741 2215 2805 latrator
2239 2739 2507 2807 Anubis

646 2843 896 2909 Contra
930 2844 1324 2928 Neptunum
1356 2853 1425 2909 et
1454 2844 1792 2908 Venerem
1825 2854 2186 2927 contraque
2222 2844 2601 2910 Minervam

645 2947 813 3011 Tela
842 2956 1090 3012 tenent.
1187 2947 1416 3014 Saevit
1446 2948 1670 3012 medio
1698 2950 1769 3012 in
1799 2948 2162 3012 certamine
2196 2949 2472 3014 Mavors

646 3050 958 3116 Caelatus
989 3052 1187 3129 ferro,
1221 3050 1580 3135 tristesque
1611 3072 1694 3116 ex
1724 3052 1995 3116 aethere
2031 3051 2273 3128 Dirae;

647 3154 738 3217 Et
768 3154 975 3219 scissa
1005 3156 1311 3238 gaudens
1339 3155 1526 3220 vadit
1561 3155 1913 3219 Discordia
1939 3155 2132 3239 palla,

647 3257 866 3340 Quam
899 3279 1052 3323 cum
1084 3258 1456 3342 sanguineo
1488 3261 1787 3344 sequitur
1822 3260 2101 3324 Bellona
2131 3260 2414 3344 flagella
2500 3298 2506 3310 ·

647 3361 887 3427 Actius
918 3363 1087 3428 haec
1118 3384 1404 3429 cernens
1434 3384 1664 3428 arcum
1696 3363 2086 3428 intendebat
2118 3364 2368 3448 Apollo

651 3467 978 3550 Desuper.
1064 3468 1305 3533 Omnis
1336 3488 1417 3531 eo
1447 3477 1701 3532 terrore
1733 3468 2093 3552 Aegyptus
2123 3477 2191 3532 et
2223 3469 2394 3544 Indi,

646 3570 886 3637 Omnis
916 3572 1162 3647 ArabS,
1195 3592 1430 3636 omnes
1458 3571 1813 3636 vertebant
1842 3580 2033 3654 terga
2066 3570 2327 3637 Sabaei.

649 3677 809 3759 Ipsa
837 3675 1189 3740 videbatur
1218 3675 1435 3739 ventis
1466 3676 1700 3756 regina
1730 3676 1984 3739 vocatis

644 3779 815 3846 Vela
845 3778 1025 3858 dare,
1057 3788 1125 3843 et
1156 3778 1340 3843 laxos
1370 3777 1501 3841 iam
1532 3779 1798 3866 iamque
1828 3778 2189 3850 immittere
2214 3780 2430 3848 funes.
