3015 4288
384 783 481 840 5¹⁵

383 1303 483 1358 520

382 1821 478 1876 52⁵

384 2341 482 2396 530

384 2860 477 2916 535

385 3382 481 3437 540

1152 261 1381 320 LIBER
1437 262 1826 320 snm-mus
2482 274 2599 344 ¹97

560 445 800 512 Ardua
828 456 1008 512 tecta
1039 447 1208 530 petit
1237 444 1500 522 stabuli,
1535 455 1606 509 et
1636 445 1719 508 de
1751 445 2041 509 culmine
2079 465 2339 510 summo

564 552 901 615 Pastorale
932 550 1113 615 canit
1143 551 1430 632 signum,
1464 569 1807 632 cornuque
1839 569 2116 614 recurvo

560 656 951 720 Tartaream
983 653 1272 718 intendit
1300 673 1554 730 vocem,
1588 674 1721 737 qua
1752 654 2056 736 protinus
2088 674 2285 718 omne

562 760 983 826 Contremuit
1009 777 1249 822 nemus
1278 766 1350 821 et
1378 756 1588 821 silvae
1619 757 1974 822 insonuere
2007 759 2422 842 profundae;

560 863 798 928 Audiit
828 872 897 928 et
925 861 1195 926 Triviae
1225 860 1429 945 longe
1459 860 1682 940 lacus;
1730 862 1938 926 audiit
1968 864 2184 927 amnis

560 967 941 1051 Sulphurea
974 967 1118 1030 Nar
1147 965 1343 1030 albus
1375 985 1552 1049 aqua
1581 966 1941 1050 fontesque
1970 967 2212 1045 Velini,

562 1072 651 1136 Et
680 1071 983 1155 trepidae
1013 1081 1263 1135 matres
1297 1090 1605 1154 pressere
1636 1071 1724 1133 ad
1757 1079 2030 1154 pectora
2059 1080 2273 1135 natos,

645 1175 822 1240 Tum
851 1196 1014 1239 vero
1044 1174 1131 1238 ad
1160 1194 1396 1238 vocem
1429 1173 1703 1251 celereS‚
1737 1194 1871 1258 qua
1899 1173 2144 1238 bucina
2174 1177 2437 1257 signum

564 1280 730 1345 Dira
759 1279 963 1358 dedit,
994 1281 1207 1363 raptis
1237 1288 1646 1343 concurrunt
1673 1277 1964 1362 undique
1995 1279 2145 1342 telis

562 1383 882 1449 Indomiti
910 1386 1281 1468 agricolae3
1330 1405 1456 1449 nec
1488 1405 1627 1448 non
1659 1393 1729 1449 et
1756 1384 1962 1447 Troia
1992 1383 2205 1466 pubes

560 1486 860 1552 Ascanio
890 1488 1205 1553 auxilium
1236 1491 1474 1553 castris
1503 1488 1795 1553 effundit
1826 1489 2092 1571 apertis.

563 1591 899 1657 Derexere
929 1591 1125 1657 acies.
1219 1592 1378 1656 Non
1409 1594 1544 1656 iam
1578 1592 1939 1656 certamine
1971 1592 2238 1674 agresti,

562 1695 913 1780 Stipitibus
944 1696 1129 1761 duris
1160 1698 1382 1781 agitur
1413 1697 1774 1761 sudibusve
1808 1695 2159 1780 praeustiS,

562 1799 698 1864 Sed
727 1799 909 1864 ferro
939 1800 1214 1884 ancipiti
1244 1801 1637 1877 decernunt,
1670 1810 1945 1884 atraque
1978 1801 2111 1864 late

561 1903 913 1968 Horrescit
942 1905 1187 1968 strictis
1218 1925 1418 1987 seges
1447 1905 1739 1981 ensibus,
1773 1924 2061 1987 aeraque
2093 1903 2358 1986 fulgent

559 2006 716 2072 Sole
746 2007 1072 2085 lacessita,
1106 2017 1175 2072 et
1207 2009 1422 2072 lucem
1454 2008 1580 2072 sub
1611 2007 1841 2072 nubila
1871 2007 2156 2072 iactant:

560 2110 836 2176 Fluctus
866 2110 964 2176 uti
994 2112 1210 2196 primo
1241 2111 1463 2196 coepit
1493 2131 1648 2176 cum
1680 2112 2022 2177 albescere
2050 2121 2254 2176 vento

559 2214 884 2280 Paulatim
917 2235 1065 2281 sese
1096 2215 1269 2280 tollit
1298 2236 1482 2280 mare
1514 2226 1584 2280 et
1613 2216 1811 2280 altius
1842 2216 2058 2280 undas

561 2319 796 2401 Erigit,
829 2318 985 2384 inde
1014 2318 1149 2384 imo
1180 2320 1526 2402 consurgit
1555 2319 1641 2383 ad
1674 2320 1947 2383 aethera
1979 2320 2209 2384 fundo.

560 2423 695 2486 Hic
724 2421 983 2487 iuvenis
1016 2423 1300 2506 primam
1333 2432 1491 2487 ante
1524 2424 1733 2487 aciem
1767 2422 2087 2487 stridente
2119 2422 2381 2505 sagitta,

561 2525 890 2590 Natorum
921 2526 1208 2612 Tyrrhei
1239 2527 1465 2591 fuerat
1493 2528 1610 2610 qui
1640 2526 1984 2601 maximus,
2019 2526 2242 2602 Almo,

559 2629 925 2695 Sternitur:
971 2629 1188 2695 haesit
1216 2632 1398 2694 enim
1431 2631 1556 2694 sub
1588 2639 1858 2712 gutture
1887 2630 2132 2693 vulnus
2163 2639 2230 2692 et
2262 2629 2432 2693 udae

493 2753 500 2770 ¹
556 2734 761 2799 Vocis
791 2733 917 2798 iter
945 2744 1351 2817 tenuemque
1382 2735 1653 2799 inclusit
1684 2735 2009 2816 sanguine
2039 2733 2263 2796 vitam.

560 2838 861 2921 Corpora
890 2837 1100 2902 multa
1128 2839 1345 2902 virum
1377 2838 1572 2914 circa,
1607 2839 1960 2920 seniorque
1992 2836 2327 2911 Galaesus,

561 2941 741 3005 Dum
774 2940 928 3024 paci
957 2942 1248 3006 medium
1283 2962 1356 3005 se
1387 2942 1608 3018 offert,
1640 2941 2043 3005 iustissimus
2074 2960 2248 3003 unus

558 3045 693 3129 Qui
723 3046 853 3111 fuit
884 3048 1339 3132 Ausoniisque
1371 3049 1529 3113 olim
1562 3048 1925 3113 ditissimus
1956 3047 2168 3124 arvis3

558 3149 872 3234 Quinque
903 3172 1149 3234 greges
1180 3153 1274 3217 illi
1302 3154 1667 3230 balantum,
1702 3155 1906 3236 quina
1936 3150 2245 3216 redibant

555 3254 902 3332 Armenta,
936 3265 1006 3320 et
1034 3266 1279 3321 terram
1312 3268 1582 3323 centum
1613 3259 1917 3322 vertebat
1948 3257 2202 3319 aratris.

646 3360 874 3444 Atque
905 3382 988 3426 ea
1020 3384 1142 3446 per
1172 3384 1447 3447 campos
1479 3386 1694 3449 aequo
1726 3364 1885 3428 dum
1922 3364 2142 3426 Marte
2174 3368 2512 3442 geruntur,

558 3463 873 3528 Promissi
903 3465 1031 3530 dea
1063 3468 1246 3531 facta
1277 3478 1536 3551 potens,
1573 3469 1685 3532 ubi
1719 3467 2046 3549 sanguine
2077 3464 2326 3529 bellum

560 3567 808 3631 Imbuit
841 3578 908 3633 et
941 3570 1193 3652 primae
1226 3573 1557 3636 commisit
1588 3573 1828 3635 funera
1862 3590 2148 3653 pugnae,

557 3670 825 3735 Deserit
872 3674 1292 3756 Hesperiam,
1328 3686 1396 3739 et
1428 3676 1594 3739 caeli
1625 3694 1948 3739 conversa
1980 3693 2100 3754 per
2130 3692 2327 3736 auras

558 3773 883 3838 Iunonem
919 3776 1152 3841 victrix
1182 3779 1451 3842 adfatur
1480 3798 1645 3843 voce
1678 3776 2008 3860 superba:
