3015 4288
466 239 595 305 330
1181 228 1501 283 vr-:Rolm
1552 229 1952 285 AENE1Dos

642 407 929 494 Lyrnesi
958 407 1196 473 domus
1228 407 1383 484 alta,
1417 407 1562 472 solo
1597 408 1932 473 Laurente
1965 409 2367 492 sepulcrum.

639 513 852 577 Totae
882 511 1052 576 adeo
1082 531 1449 576 conversae
1480 512 1680 588 acieS,
1715 533 2082 597 omnesque
2117 513 2360 591 Latini,

640 616 898 682 Omnes
934 615 1382 691 Dardanidae,
1418 616 1836 693 Mnestheus,
1862 637 2150 701 acerque
2185 619 2513 696 Serestus,

462 744 563 800 550
641 721 732 785 Et
764 720 1125 802 Messapus
1155 739 1400 803 equum
1434 719 1738 796 domitor,
1772 728 1842 784 et
1871 720 2065 784 fortis
2095 721 2343 800 Asilas,

636 826 1150 908 Tuscorumque
1181 824 1494 906 phalanx,
1533 824 1967 908 Euandrique
1999 825 2304 890 Arcades
2333 827 2503 903 alae,

640 931 768 994 Pro
799 949 872 993 se
903 929 1186 1013 quisque
1215 927 1338 992 viri
1370 948 1636 991 summa
1667 928 1972 993 nituntur
2002 951 2205 1013 opum
2236 932 2340 1007 vi3

641 1033 788 1098 Nec
818 1054 1022 1110 mora,
1056 1053 1182 1097 nec
1213 1031 1515 1117 requies;
1562 1043 1755 1098 vasto
1786 1037 2147 1098 certamine
2177 1035 2484 1099 tendunt.

728 1137 863 1203 Hic
894 1147 1187 1202 mentem
1220 1136 1500 1201 Aeneae
1533 1139 1841 1219 genetrix
1871 1138 2318 1222 pulcherrima
2349 1138 2546 1216 misit,

463 1265 559 1321 555
643 1243 783 1308 Iret
811 1250 885 1305 ut
915 1242 1004 1305 ad
1034 1262 1279 1318 muroS,
1313 1240 1597 1324 urbique
1626 1241 2005 1306 adverteret
2033 1262 2278 1324 agmen

640 1345 851 1412 Ocius
881 1354 951 1410 et
979 1345 1201 1409 subita
1232 1345 1535 1409 turbaret
1565 1344 1756 1409 clade
1790 1345 2086 1410 Latinos.

642 1450 784 1527 Ille,
818 1459 893 1514 ut
921 1449 1265 1531 vestigans
1297 1449 1562 1513 diversa
1592 1469 1715 1533 per
1746 1450 2017 1532 agmina
2048 1451 2356 1515 Turnum

644 1554 802 1619 Huc
834 1563 1036 1637 atque
1066 1554 1198 1617 huc
1230 1553 1409 1616 acies
1441 1552 1866 1630 circumtulit,
1899 1554 2139 1637 aspicit
2169 1554 2402 1618 urbem

643 1658 1023 1722 Immunem
1053 1656 1224 1721 tanti
1252 1656 1411 1721 belli
1441 1667 1645 1740 atque
1676 1656 1952 1740 impune
1982 1660 2292 1741 quietam.

465 1774 566 1842 560
645 1762 982 1828 Continuo
1013 1781 1282 1845 pugnae
1313 1761 1624 1825 accendit
1652 1761 1923 1825 maioris
1952 1761 2212 1845 imago;

589 1941 594 1946 ‚
644 1866 1006 1929 Mnesthea
1037 1865 1566 1949 Sergestumque
1594 1875 1793 1929 vocat
1825 1866 2204 1949 fortemque
2237 1866 2586 1931 Serestum

647 1969 998 2046 DuctoreS,
1030 1969 1493 2052 tumulumque
1526 1971 1725 2051 capit,
1759 1990 1891 2053 qua
1922 1979 2144 2034 cetera
2174 1972 2509 2034 Teucrum

644 2072 997 2139 Concurrit
1027 2072 1222 2157 legio,
1257 2093 1382 2138 nec
1416 2084 1609 2137 scuta
1639 2083 1755 2137 aut
1786 2072 2044 2156 spicula
2074 2074 2265 2138 densi

649 2179 1032 2260 Deponunt.
1128 2178 1326 2244 Celso
1359 2179 1620 2242 medius
1652 2188 1840 2242 stans
1873 2199 2122 2260 aggere
2154 2180 2371 2243 fatur:

468 2292 564 2360 565
735 2286 772 2314 “
796 2281 903 2345 Ne
923 2301 1057 2365 qua
1081 2280 1247 2344 meis
1271 2290 1418 2345 esto
1443 2281 1641 2345 dictis
1666 2302 1950 2345 mora—
1965 2282 2271 2365 Iuppiter
2294 2284 2419 2346 hac
2451 2292 2657 2348 stat—

648 2386 801 2450 Neu
833 2384 982 2469 quis
1012 2385 1101 2449 ob
1131 2384 1474 2470 inceptum
1507 2384 1801 2449 subitum
1836 2385 1999 2448 mihi
2032 2387 2300 2467 segnior
2328 2389 2437 2450 ito.

647 2489 905 2555 Urbem
937 2488 1154 2566 hodie,
1189 2509 1460 2552 causam
1492 2488 1670 2565 belli,
1708 2509 1919 2570 regna
1949 2488 2096 2572 ipsa
2130 2488 2371 2565 Latini,

648 2592 739 2657 Ni
769 2594 1035 2657 frenum
1069 2592 1376 2677 accipere
1406 2601 1474 2656 et
1502 2592 1664 2656 victi
1697 2613 1931 2675 parere
1965 2593 2278 2670 fatentur,

647 2697 916 2775 Eruam,
949 2707 1017 2762 et
1048 2716 1265 2780 aequa
1293 2695 1437 2760 solo
1470 2696 1800 2759 fumantia
1835 2696 2126 2759 culmina
2158 2716 2423 2779 ponam.

470 2824 570 2880 570
647 2800 913 2866 Scilicet
942 2809 1346 2883 exspectem,
1382 2799 1588 2864 libeat
1618 2800 1778 2863 dum
1813 2799 2064 2882 proelia
2094 2802 2324 2865 Turno

648 2905 900 2969 Nostra
932 2905 1090 2987 pati,
1126 2924 1488 2987 rursusque
1520 2905 1683 2967 velit
1716 2923 2111 2967 concurrere
2143 2904 2403 2968 victus?

649 3009 804 3072 Hoc
835 3017 1054 3090 caput,
1089 3029 1129 3071 o
1160 3008 1358 3085 civeS,
1393 3008 1558 3071 haec
1590 3007 1749 3071 belli
1783 3028 2046 3071 summa
2077 3007 2369 3071 nefandi.

649 3113 848 3176 Ferte
881 3112 1065 3176 faces
1097 3132 1401 3195 propere,
1429 3112 1804 3195 foedusque
1842 3110 2172 3193 reposcite
2204 3109 2554 3174 flammis.”

737 3215 1030 3293 Dixerat,
1064 3226 1265 3299 atque
1297 3217 1536 3281 animis
1570 3216 1816 3298 pariter
1852 3215 2259 3279 certantibus
2290 3234 2525 3278 omnes

471 3342 566 3400 575
652 3321 837 3384 Dant
867 3340 1174 3396 cuneum,
1208 3321 1551 3402 densaque
1584 3320 1666 3382 ad
1703 3341 1926 3382 muros
1960 3320 2135 3383 mole
2170 3320 2492 3383 feruntur.
2600 3306 2606 3313 ⁴

651 3423 885 3488 Scalae
918 3424 1280 3506 improviso
1313 3424 1702 3504 subitusque
1738 3423 2047 3504 apparuit
2081 3423 2273 3505 ignis,

653 3530 1053 3592 Discurrunt
1085 3528 1193 3590 alii
1226 3527 1310 3589 ad
1345 3537 1572 3608 portas
1607 3527 1987 3608 primosque
2019 3527 2371 3605 trucidant,

653 3633 930 3695 Ferrum
965 3632 1075 3695 alii
1105 3640 1419 3714 torquent
1451 3640 1516 3692 et
1550 3628 1950 3692 obumbrant
1985 3632 2257 3712 aethera
2288 3626 2458 3695 telis

654 3737 813 3821 Ipse
844 3738 1018 3800 inter
1049 3734 1300 3820 primos
1332 3734 1633 3798 dextram
1668 3733 1791 3798 sub
1825 3736 2089 3799 moenia
2119 3734 2333 3801 tendit
