3015 4288
382 688 484 745 745

361 1172 489 1265 ’750

374 1727 485 1786 755

389 2860 489 2927 765

391 3392 495 3446 ⁷70

1133 274 1361 330 LIBER
1412 275 1879 330 UNDECIMUS
2487 282 2616 352 307

570 457 1079 541 Dereptumque
1110 456 1196 520 ab
1226 476 1401 540 equo
1430 456 1665 519 dextra
1695 454 2157 539 complectitur
2188 456 2449 519 hostem

569 562 658 626 Et
688 560 1017 643 gremium
1049 569 1204 624 ante
1236 580 1432 623 suum
1465 560 1677 623 multa
1705 561 1771 623 vi
1803 560 2105 624 concitus
2135 561 2374 624 aufert.

565 665 855 730 Tollitur
883 664 952 728 in
985 664 1245 728 caelum
1276 664 1547 739 clamor,
1581 664 1939 747 cunctique
1975 664 2198 728 Latini

567 770 976 835 Convertere
1007 769 1256 832 oculos,
1349 767 1554 832 Volat
1584 769 1824 850 igneus
1854 788 2143 851 aequore
2174 769 2505 845 Tarchon,

568 873 783 938 Arma
811 873 1161 956 virumque
1192 872 1459 950 ferens3
1506 881 1651 936 tum
1684 893 1946 936 summa
1976 872 2188 957 ipsius
2218 872 2303 936 ab
2335 872 2530 936 hasta

571 978 914 1060 Defringit
945 977 1217 1053 ferrum,
1251 985 1321 1040 et
1352 985 1581 1060 partes
1610 976 1888 1040 rimatur
1919 987 2206 1060 apertas,

570 1080 725 1163 Qua
752 1079 996 1145 vulnus
1027 1079 1227 1145 letale
1260 1081 1474 1157 ferat3
1523 1091 1757 1145 contra
1787 1080 1897 1145 ille
1929 1101 2314 1163 repugnans

570 1184 870 1251 Sustinet
900 1205 942 1249 a
971 1184 1202 1268 iugulo
1232 1186 1555 1262 dextram,
1589 1194 1660 1250 et
1687 1186 1821 1249 vim
1854 1185 2106 1249 viribus
2135 1184 2287 1249 exit.

571 1289 802 1373 thue
831 1287 1066 1353 volans
1098 1289 1233 1354 alte
1263 1299 1533 1373 raptum
1566 1310 1721 1353 cum
1755 1290 1942 1353 fulva
1973 1290 2330 1353 draconem

573 1393 733 1457 Fert
762 1392 1003 1477 aquila,
1029 1393 1490 1477 implicuitque
1518 1393 1745 1476 pedes,
1772 1404 1973 1477 atque
1998 1393 2333 1476 unguibus
2359 1393 2573 1456 haesit

571 1496 854 1561 Saucius
884 1506 956 1562 at
985 1516 1263 1580 serpens
1296 1497 1571 1561 sinuosa
1601 1496 1942 1561 volumina
1972 1505 2212 1573 versat,

570 1600 1006 1684 Arrectisque
1037 1602 1263 1664 horret
1293 1600 1610 1684 squamis,
1643 1610 1712 1665 et
1743 1600 1966 1665 sibilat
1996 1621 2129 1675 ore,

571 1704 849 1768 Arduus
877 1704 1274 1787 insurgens;
1321 1704 1436 1768 illa
1467 1705 1647 1768 haud
1680 1705 1901 1768 minus
1932 1713 2129 1786 urget
2158 1703 2422 1768 obunco

574 1809 973 1872 Luctantem
1006 1817 1221 1872 rostro
1247 1829 1263 1886 ;
1312 1807 1512 1872 simul
1543 1808 1819 1872 aethera
1849 1807 2156 1871 verberat
2186 1809 2308 1870 alis
2335 1827 2349 1870 :

574 1910 784 1978 Haud
813 1910 1004 1976 aliter
1034 1913 1357 1996 praedam
1387 1911 1743 1976 Tiburtum
1777 1932 1857 1975 ex
1888 1911 2158 1994 agmine
2187 1911 2502 1974 Tarchon

573 2017 801 2080 Portat
829 2035 1057 2080 ovans,
1155 2016 1368 2080 Ducis
1398 2015 1780 2099 exemplum
1811 2025 2259 2098 eventumque
2291 2014 2505 2078 secuti

574 2119 974 2185 Maeonidae
999 2119 1365 2185 incurrunt.

1443 2225 1621 2289 Tum
1655 2225 1813 2289 fatis
1843 2224 2108 2289 debitus
2139 2224 2404 2288 Arruns

572 2326 892 2393 Velocem
922 2328 1142 2392 iaculo
1171 2338 1243 2394 et
1272 2329 1483 2393 multa
1517 2330 1697 2411 prior
1729 2338 1873 2393 arte
1905 2329 2254 2394 Camillam

572 2431 841 2509 Circuit,
875 2441 961 2509 et,
997 2452 1170 2516 quae
1202 2434 1290 2497 sit
1320 2432 1595 2496 fortuna
1627 2432 1962 2509 facillima,
1996 2441 2300 2516 temptat.

573 2536 730 2619 Qua
760 2556 834 2601 se
865 2556 1152 2620 cumque
1184 2537 1418 2600 furens
1447 2536 1673 2600 medio
1704 2537 1855 2600 tulit
1885 2537 2153 2619 agmine
2183 2535 2392 2619 virgo,

575 2640 728 2704 Hac
762 2640 1027 2704 Arruns
1059 2639 1254 2717 subit,
1289 2648 1360 2704 et
1388 2641 1631 2705 tacitus
1661 2640 1943 2723 vestigia
1973 2635 2246 2716 lustrat3

574 2744 730 2827 Qua
756 2743 990 2808 victrix
1022 2743 1194 2808 redit
1224 2743 1340 2807 illa
1371 2744 1749 2828 pedemque
1780 2764 1862 2808 ex
1894 2746 2086 2808 hoste
2122 2751 2436 2827 reportat,

576 2848 729 2912 Hac
761 2846 1019 2912 iuvenis
1049 2847 1279 2912 furtim
1311 2849 1564 2913 celeres
1595 2849 1947 2932 detorquet
1976 2847 2287 2912 habenas.

575 2952 725 3016 Hos
756 2951 995 3030 aditus,
1029 2951 1298 3036 iamque
1330 2952 1455 3016 hos
1484 2953 1726 3029 aditus,
1759 2972 2157 3036 omnemque
2190 2960 2488 3034 pererrat

572 3055 894 3138 Undique
924 3055 1293 3134 circuitum,
1322 3066 1392 3121 et
1420 3067 1672 3121 certam
1707 3058 1921 3141 quatit
1949 3055 2294 3139 improbus
2328 3056 2590 3119 hastam

666 3160 866 3224 Forte
896 3179 1086 3225 sacer
1117 3160 1416 3247 Cybelae
1448 3160 1792 3238 Chloreus,
1827 3159 2116 3244 olimque
2148 3160 2480 3236 sacerdos,

576 3262 872 3346 Insignis
902 3264 1105 3346 longe
1140 3265 1448 3350 Phrygiis
1481 3264 1788 3347 fulgebat
1818 3266 1887 3329 in
1919 3264 2138 3341 armiS,

576 3368 1154 3452 Spumantemque
1185 3368 1485 3451 agitabat
1517 3389 1783 3452 equum,
1817 3389 2014 3452 quem
2051 3369 2244 3450 pellis
2276 3367 2462 3432 aenis

578 3472 659 3534 In
694 3472 992 3554 plumam
1025 3473 1321 3555 squamis
1354 3493 1517 3537 auro
1550 3482 1855 3537 conserta
1885 3472 2172 3555 tegebat.

578 3575 757 3657 Ipse,
793 3577 1149 3659 peregrina
1180 3576 1523 3660 ferrugine
1557 3576 1774 3640 clarus
1805 3586 1874 3640 et
1904 3586 2101 3652 ostro,

577 3679 853 3762 Spicula
883 3680 1236 3763 torquebat
1272 3679 1480 3765 Lycio
1514 3680 1839 3764 Gortynia
1869 3700 2074 3743 cornu
2102 3701 2116 3755 ;

576 3784 847 3849 Aureus
879 3803 960 3847 ex
991 3784 1237 3848 umeris
1267 3793 1412 3847 erat
1442 3803 1656 3859 arcus,
1690 3792 1759 3846 et
1788 3803 1990 3847 aurea
2026 3785 2164 3848 vati
