3015 4288
882 836 962 911 P.
1017 835 1480 912 VERGILI
1562 838 2079 914 MARONIS

1076 1030 1393 1125 AEN
1415 1031 1884 1128 EIDOS

969 1312 1262 1378 LIBER
1328 1313 1986 1380 DUODECIMUS

545 1478 814 1545 Turnus
844 1490 920 1544 ut
949 1480 1272 1544 infractos
1305 1480 1590 1545 adverso
1626 1481 1846 1545 Marte
1881 1481 2160 1545 Latinos

548 1583 900 1648 Defecisse
930 1584 1128 1659 videt,
1163 1604 1286 1647 sua
1317 1603 1495 1648 nunc
1530 1586 1858 1666 promissa
1889 1585 2169 1667 reposci,

546 1687 635 1752 Se
666 1687 918 1770 signari
948 1687 1178 1763 oculis,
1213 1687 1386 1751 ultro
1417 1686 1858 1770 implacabilis
1890 1688 2097 1764 ardet,

545 1791 945 1874 Attollitque
978 1791 1255 1855 animos,
1352 1792 1727 1855 Poenorum
1760 1792 1975 1875 qualis
2007 1793 2073 1854 in
2108 1790 2282 1856 arvis

398 1914 428 1970 5
543 1893 823 1960 Saucius
853 1893 964 1958 ille
1000 1894 1190 1978 gravi
1220 1904 1588 1959 venantum
1623 1896 1899 1960 vulnere
1932 1906 2165 1978 pectus

540 1998 715 2062 Tum
745 1998 1013 2062 demum
1045 2008 1272 2062 movet
1306 2018 1493 2062 arma
1527 1999 1650 2075 leo,
1684 1999 2066 2083 gaudetque
2099 2008 2441 2064 comantes

545 2101 907 2168 Excutiens
938 2103 1194 2167 cervice
1225 2111 1428 2181 τοι-οε,
1466 2103 1801 2186 fixumque
1836 2102 2109 2168 latronis
2263 2095 2269 2100 ’

543 2206 933 2291 Impavidus
964 2207 1217 2290 frangit
1249 2208 1476 2284 telum,
1513 2218 1581 2272 et
1612 2209 1838 2271 fremit
1869 2228 1984 2272 ore
2016 2218 2329 2273 cruento:

544 2312 749 2375 Haud
781 2331 974 2376 secus
1005 2331 1290 2376 accenso
1325 2311 1549 2394 gliscit
1578 2312 1895 2376 violentia
1927 2314 2170 2377 Turno,

366 2435 428 2473 ιο
536 2416 710 2479 Tum
742 2415 835 2480 sic
868 2415 1135 2480 adfatur
1168 2437 1416 2501 regem,
1455 2427 1657 2500 atque
1688 2419 1783 2481 ita
1813 2416 2116 2481 turbidus
2148 2417 2331 2481 infit:

542 2524 580 2553 ‘⁴
603 2519 807 2584 Nulla
838 2539 1024 2584 mora
1054 2520 1122 2584 in
1146 2520 1378 2585 Turno
1401 2542 1416 2599 ;
1461 2522 1626 2585 nihil
1659 2531 1781 2597 est,
1808 2521 1984 2604 quod
2011 2520 2188 2584 dicta
2219 2530 2580 2586 retractent

542 2622 785 2706 Ignavi
816 2624 1200 2701 Aeneadae,
1237 2644 1382 2702 nec,
1422 2645 1596 2708 quae
1629 2626 1965 2708 pepigere,
2000 2634 2326 2689 recusent.

542 2727 971 2807 Congredior.
1069 2727 1199 2791 Fer
1235 2748 1441 2805 sacra,
1481 2727 1690 2812 pater,
1726 2738 1793 2792 et
1824 2727 2102 2811 concipe
2134 2727 2392 2792 foedus,

540 2832 685 2896 Aut
716 2832 841 2895 hac
877 2831 1295 2895 Dardanium
1333 2834 1567 2896 dextra
1602 2832 1727 2897 sub
1758 2832 2042 2896 Tartara
2074 2832 2349 2907 mittam,

365 2953 423 3009 15
535 2923 962 2999 Desertorem
995 2936 1225 3012 Asiae,
1249 2973 1337 2983 -
1359 2938 1639 3001 sedeant
1672 2946 2110 3019 spectentque
2146 2935 2475 2999 Latini—

544 3039 633 3102 Et
663 3039 843 3103 solus
876 3039 1055 3104 ferro
1087 3041 1340 3104 crimen
1376 3061 1731 3105 commune
1765 3041 2105 3116 refellam3
2388 3044 2401 3055 '

540 3143 685 3207 Aut
714 3142 960 3215 habeat
988 3143 1218 3220 victos,
1253 3144 1449 3208 cedat
1483 3143 1764 3207 Lavinia
1796 3144 2146 3209 coniunx.'’

628 3246 766 3313 Olli
797 3247 1028 3312 sedato
1062 3248 1407 3331 respondit
1438 3247 1640 3311 corde
1677 3247 1995 3312 Latinus:

543 3356 581 3386 ‘⁴
602 3352 665 3417 O
700 3361 1051 3435 praestans
1086 3351 1290 3415 animi
1322 3350 1598 3427 iuvenis,
1635 3361 1956 3435 quantum
1991 3352 2136 3435 ipse
2169 3351 2377 3417 feroci

362 3475 430 3513 ω
535 3455 800 3520 Virtute
836 3476 1214 3538 exsuperas,
1249 3464 1437 3518 tanto
1473 3476 1578 3518 me
1612 3455 1980 3537 impensius
2012 3476 2297 3538 aequum
2331 3466 2434 3520 est

541 3559 926 3634 Consulere,
963 3569 1163 3641 atque
1197 3579 1430 3622 omnes
1462 3569 1869 3622 metuentem
1905 3562 2283 3642 expendere
2317 3580 2526 3627 casus.

543 3664 718 3729 Sunt
750 3662 870 3725 tibi
902 3682 1110 3743 regna
1144 3663 1354 3744 patris
1390 3663 1633 3736 Dauni,
1672 3673 1827 3725 sunt
1860 3664 2110 3745 oppida
2142 3674 2343 3745 capta

541 3767 762 3837 Multa
782 3786 1020 3844 manu;
1058 3785 1182 3829 nec
1209 3786 1342 3830 non
1367 3786 1733 3848 aurumque
1756 3768 2150 3851 animusque
2176 3768 2417 3833 Latino
2442 3777 2544 3835 est
2558 3788 2574 3844 ;

1436 3891 1533 3939 313
