3015 4288
457 272 584 357 306

455 489 549 538 7¹0

456 1001 549 1057 715

454 1524 550 1574 720

458 2037 551 2092 725

460 2555 558 2609 730

463 3077 556 3132 735

467 3597 565 3651 ⁷4⁰

1170 274 1488 335 VERGILI
1542 276 1942 335 AENEIDOS

629 460 865 524 Tradit
894 480 1139 544 equum
1173 460 1417 536 comiti,
1452 460 1859 543 paribusque
1891 460 2136 524 resistit
2166 460 2235 525 in
2266 459 2489 537 armiS,

633 566 814 628 Ense
848 564 1055 647 pedes
1088 564 1287 640 nudo,
1322 583 1623 647 puraque
1653 564 1953 628 interrita
1985 584 2235 646 parma.

630 668 727 732 At
756 669 1035 743 iuvenis,
1068 667 1307 731 vicisse
1338 667 1493 731 dolo
1524 678 1729 742 ratus,
1764 669 1986 731 avolat
2017 667 2180 750 ipse,
2199 704 2291 715 —

635 772 841 835 Haud
874 771 1670 854 mora,—conversisque
1703 772 1909 853 fugax
1941 772 2244 835 aufertur
2273 769 2576 850 habenis,

629 875 1287 958 Quadrupedemque
1317 874 1520 939 citum
1555 875 1806 938 ferrata
1835 875 2018 939 calce
2049 874 2310 958 fatigat.

638 984 673 1012 “
694 979 888 1043 Vane
923 979 1153 1061 LiguS,
1189 979 1571 1062 frustraque
1602 978 1841 1042 animis
1873 979 2046 1043 elate
2078 978 2405 1062 superbis,

633 1083 1057 1166 Nequiquam
1092 1083 1343 1166 patrias
1372 1081 1720 1165 temptasti
1752 1082 2043 1146 lubricus
2074 1092 2271 1159 artes,

632 1187 778 1251 Nec
811 1187 996 1251 fraus
1027 1196 1094 1251 te
1124 1186 1529 1250 incolumem
1561 1186 1787 1251 fallaci
1818 1187 2114 1270 perferet
2143 1185 2415 1251 Auno.”

632 1291 826 1355 Haec
858 1291 1041 1354 fatur
1071 1290 1280 1372 virgo,
1314 1299 1383 1354 et
1415 1290 1798 1374 pernicibus
1828 1290 2030 1372 ignea
2061 1290 2311 1374 plantis

628 1394 901 1458 Transit
932 1414 1178 1477 equum
1210 1414 1428 1469 cursu,
1464 1395 1810 1477 frenisque
1841 1393 2124 1457 adversa
2155 1391 2509 1477 prehensis

634 1497 1084 1580 Congreditur
1116 1517 1504 1580 poenasque
1535 1498 1803 1562 inimico
1833 1517 1915 1561 ex
1947 1496 2277 1579 sanguine
2307 1495 2548 1561 sumit:

630 1600 851 1683 Quam
887 1602 1087 1665 facile
1118 1602 1438 1684 accipiter
1469 1622 1630 1665 saxo
1661 1621 1852 1665 sacer
1881 1602 2020 1665 ales
2050 1600 2137 1664 ab
2167 1601 2304 1664 alto

634 1703 1080 1787 Consequitur
1112 1706 1352 1788 pennis
1384 1705 1735 1769 sublimem
1768 1705 1836 1769 in
1869 1705 2048 1768 nube
2079 1704 2477 1780 columbam,

630 1808 1248 1891 Comprensamque
1280 1817 1482 1884 tenet,
1518 1808 1934 1892 pedibusque
1964 1807 2293 1873 eviscerat
2323 1809 2554 1886 uncis;

630 1911 804 1975 Tum
837 1932 1033 1975 cruor
1061 1921 1129 1975 et
1158 1913 1390 1975 vulsae
1424 1912 1738 1975 labuntur
1768 1912 1855 1975 ab
1885 1913 2158 1975 aethere
2191 1912 2478 1995 plumae.
2560 1964 2565 1969 .

723 2015 820 2079 At
851 2036 986 2079 non
1019 2016 1186 2079 haec
1220 2015 1420 2079 nullis
1451 2016 1797 2079 hominum
1831 2024 2012 2079 sator
2041 2024 2244 2098 atque
2275 2015 2553 2078 deorum

631 2118 1021 2184 Observans
1052 2118 1261 2184 oculis
1292 2139 1556 2184 summo
1587 2119 1777 2184 sedet
1808 2120 1983 2184 altus
2015 2119 2334 2205 Olympo.

630 2217 1052 2308 Tyrrhenum
1086 2225 1349 2305 genitor
1380 2224 1802 2288 Tarchonem
1835 2223 1903 2287 in
1936 2224 2188 2307 proelia
2220 2243 2423 2287 saeva

592 2375 598 2379 >
634 2326 946 2403 Suscitat,
980 2337 1047 2391 et
1078 2327 1363 2391 stimulis
1395 2327 1576 2390 haud
1608 2327 1918 2391 mollibus
1949 2326 2182 2390 incitat
2210 2328 2361 2390 iras.

635 2430 818 2512 Ergo
848 2432 1020 2495 inter
1049 2431 1293 2495 caedes
1324 2431 1762 2513 cedentiaque
1794 2431 2064 2513 agmina
2096 2430 2409 2495 Tarchon

637 2534 877 2597 Fertur
908 2555 1098 2617 equo,
1132 2533 1466 2617 variisque
1497 2533 1772 2616 instigat
1802 2534 2077 2598 vocibus
2108 2534 2268 2609 alaS,

635 2638 925 2701 Nomine
957 2658 1291 2721 quemque
1322 2658 1591 2713 vocans,
1621 2636 1960 2720 reficitque
1992 2637 2058 2700 in
2094 2636 2348 2721 proelia
2380 2637 2631 2719 pulsos,

637 2748 675 2775 “
695 2741 865 2824 Quis
898 2751 1134 2816 metus,
1168 2762 1209 2805 o
1241 2761 1606 2824 numquam
1639 2741 1925 2817 dolituri,
1959 2762 2000 2805 o
2033 2761 2301 2823 semper
2330 2741 2580 2805 inertes

633 2845 987 2931 Tyrrheni,
1022 2865 1193 2928 quae
1224 2830 1413 2908 tanta
1445 2844 1685 2907 animis
1716 2844 1985 2927 ignavia
2014 2845 2196 2909 venit
2223 2845 2247 2908 ?

637 2950 915 3013 Femina
948 2949 1250 3030 palantes
1282 2950 1440 3031 agit,
1474 2958 1677 3031 atque
1710 2949 1877 3012 haec
1911 2948 2181 3030 agmina
2212 2947 2446 3012 vertit!

638 3053 792 3136 Quo
826 3054 1096 3129 ferrum,
1132 3053 1377 3136 quidve
1409 3054 1577 3117 haec
1609 3052 1904 3135 gerimus
1937 3053 2070 3116 tela
2102 3053 2301 3116 inrita
2331 3050 2630 3115 dextris?

637 3158 735 3222 At
765 3177 899 3222 non
931 3157 1000 3221 in
1032 3159 1365 3221 Venerem
1400 3177 1645 3240 segnes
1677 3166 2137 3239 nocturnaque
2168 3156 2361 3233 bella,

638 3262 798 3338 Aut,
833 3260 947 3325 ubi
979 3282 1180 3325 curva
1211 3262 1452 3325 choros
1483 3260 1718 3325 indixit
1749 3261 1911 3324 tibia
1947 3261 2213 3337 Bacchi,

641 3366 1049 3448 Exspectare
1080 3366 1292 3448 dapes
1324 3376 1391 3429 et
1424 3366 1666 3447 plenae
1700 3365 1942 3448 pocula
1974 3384 2265 3440 mensae,
2285 3400 2375 3410 —

644 3470 776 3533 Hic
802 3489 1004 3544 amor,
1027 3469 1154 3533 hoc
1180 3469 1471 3533 studium
1489 3469 1743 3531 —dum
1772 3489 1962 3532 sacra
1987 3468 2322 3532 secundus
2347 3467 2689 3549 haruspex

644 3574 943 3649 Nuntiet,
980 3593 1054 3636 ac
1088 3573 1272 3636 lucos
1302 3583 1495 3636 vocet
1529 3572 1746 3636 hostia
1780 3572 2048 3655 pinguis
2081 3571 2148 3635 in
2180 3571 2416 3635 altos.'’

733 3678 924 3741 Haec
956 3677 1202 3741 effatus
1233 3696 1477 3759 equum
1512 3676 1578 3738 in
1614 3675 1885 3752 medioS,
1922 3675 2280 3739 moriturus
2311 3685 2379 3740 et
2410 3675 2574 3758 ipse,

645 3779 969 3851 Concitat,
1004 3789 1071 3842 et
1102 3780 1365 3842 Venulo
1397 3779 1750 3843 adversum
1784 3799 1858 3843 se
1888 3780 2192 3843 turbidus
2215 3779 2438 3857 infert,
