3015 4288
437 2030 509 2080 70

441 2552 508 2605 75

446 3683 514 3750 85

1207 271 1440 326 LIBER
1491 271 1905 328 SECUNDUS
2586 281 2618 350 5
2627 281 2665 350 7

616 446 954 533 Troiaque
984 470 1164 515 nunc
1196 457 1426 528 stares,
1464 450 1842 536 Priamique
1872 472 1992 517 arx
2020 452 2159 518 alta
2188 460 2510 518 maneres,

707 547 904 626 Ecce,
937 557 1178 613 manus
1211 549 1520 614 iuvenem
1554 550 1811 615 interea
1841 561 1994 635 post
2025 561 2217 634 terga
2248 553 2617 618 revinctum

622 652 928 716 Pastore-s
958 660 1210 736 magno
1238 654 1324 717 ad
1357 661 1587 736 regem
1620 655 1911 719 clamore
1943 656 2301 720 trahebant

624 756 1074 834 Dardanidae,
1108 764 1224 841 qui
1255 764 1328 821 se
1357 757 1663 840 ignotum
1695 759 2119 823 venientibus
2147 761 2340 838 ultro,

620 860 774 924 Hoc
804 862 1026 943 ipsum
1059 871 1135 925 ut
1165 870 1454 927 strueret
1486 862 1896 947 Troiamque
1931 873 2220 947 aperiret
2254 865 2554 941 AchiviS,

622 962 995 1043 obtulerat,
1030 966 1253 1030 fidens
1284 968 1507 1043 animi,
1544 976 1746 1051 atque
1777 966 1847 1031 in
1880 976 2243 1050 utrumque
2278 976 2571 1050 paratuS,

622 1067 760 1134 Seu
788 1078 1056 1135 versare
1088 1071 1298 1147 dolos,
1333 1092 1452 1136 seu
1484 1081 1709 1136 certae
1740 1071 2140 1136 occumbere
2171 1081 2385 1135 morti.

622 1173 942 1257 Undique
972 1176 1234 1239 visendi
1264 1175 1486 1239 studio
1517 1175 1811 1240 Troiana
1842 1175 2155 1239 iuventus

622 1275 1050 1342 Circumfusa
1080 1280 1230 1356 ruit,
1264 1288 1658 1362 certantque
1689 1278 1994 1344 inludere
2026 1286 2245 1362 capto.

620 1381 882 1464 Accipe
913 1403 1093 1448 nunc
1127 1383 1445 1447 Danaum
1475 1382 1774 1459 ῑῐιείὀίἴιε,
1808 1391 1876 1446 et
1906 1381 2183 1447 crimine
2215 1382 2303 1447 ab
2333 1390 2473 1446 ῡῐιὸ

625 1485 829 1550 Disce
860 1494 1112 1551 omnes.

626 1589 937 1673 Namque
968 1600 1044 1655 ut
1072 1599 1442 1675 conspectu
1473 1591 1545 1655 in
1576 1592 1799 1655 medio
1828 1590 2157 1667 turbatuS,
2190 1591 2481 1667 inermis,

626 1692 939 1758 Constitit
969 1704 1172 1778 atque
1203 1696 1415 1759 oculis
1449 1695 1744 1780 Phrygia
1774 1695 2047 1777 agmina
2079 1694 2591 1777 circumspexit:

627 1801 664 1830 ‘⁶
692 1797 868 1875 Heu,
901 1819 1074 1882 quae
1105 1818 1286 1862 nunc
1316 1798 1517 1863 tellus
1539 1799 1575 1825 ''
1608 1797 1845 1882 inquit,
1872 1803 1910 1831 “
1930 1817 2102 1881 quae
2134 1805 2244 1860 me
2279 1817 2574 1881 aequora

799 1911 1082 1985 possunt

622 2005 1001 2088 Accipere?
1038 2016 1156 2071 aut
1186 2007 1347 2091 quid
1377 2009 1513 2071 iam
1547 2007 1795 2072 misero
1825 2006 1988 2070 mihi
2018 2005 2311 2089 denique
2341 2014 2569 2081 restat,

624 2109 999 2195 Cuineque
1032 2111 1214 2195 apud
1251 2112 1531 2176 Danaos
1565 2119 1845 2195 usquam
1880 2110 2083 2188 locuS,
2119 2119 2189 2175 et
2219 2129 2422 2193 super
2452 2108 2584 2192 ipsi

627 2215 1058 2280 Dardanidae
1089 2217 1339 2279 infensi
1370 2223 1627 2299 poenas
1659 2235 1811 2279 cum
1845 2215 2177 2297 sanguine
2209 2222 2495 2297 poscunt
2517 2213 2542 2277 ?
2562 2213 2599 2239 ''

627 2317 780 2401 Quo
811 2319 1061 2401 gemitu
1096 2329 1402 2383 conversi
1432 2321 1656 2395 animi,
1694 2338 2122 2401 compressus
2156 2326 2224 2382 et
2255 2316 2475 2382 omnis

629 2421 950 2505 Impetus.
1047 2424 1418 2487 Hortamur
1449 2423 1597 2499 fari,
1634 2430 1768 2507 quo
1799 2421 2128 2505 sanguine
2161 2428 2401 2499 cretus,

623 2524 889 2608 Quidve
920 2526 1114 2603 ferat,
1150 2536 1494 2602 memoret,
1531 2546 1706 2610 quae
1739 2526 1825 2590 sit
1857 2526 2109 2589 fiducia
2142 2532 2360 2608 capto.

629 2629 753 2694 Ille
784 2630 971 2707 haee,
1007 2630 1313 2714 deposita
1342 2631 1616 2694 tandem
1650 2630 2027 2705 formidine,
2065 2630 2283 2693 fatur:

715 2738 754 2768 “
775 2734 1036 2800 Cuncta
1105 2734 1415 2818 equidem
1496 2733 1636 2811 tibi,
1698 2740 1833 2810 rex,
1904 2732 2107 2796 fuerit
2149 2732 2658 2816 quodcumque,

886 2839 1149 2903 fatebor

623 2943 802 3007 Vera
823 2943 858 2968 ”
893 2942 1123 3026 inquit,
1161 2949 1199 2979 “
1220 2964 1440 3027 neque
1472 2951 1582 3007 me
1613 2943 1936 3026 Argolica
1967 2942 2054 3007 de
2084 2951 2289 3025 gente
2321 2942 2602 3024 negabo.

629 3046 780 3110 Hoc
814 3056 1136 3129 primum3
1186 3068 1329 3124 nec,
1365 3058 1422 3112 si
1454 3049 1767 3112 miserum
1802 3048 2104 3110 Fortuna
2138 3047 2457 3112 Sinonem

627 3150 864 3226 Finxit,
897 3159 1144 3215 vanum
1179 3152 1378 3215 etiam
1407 3151 1933 3233 mendacemque
1964 3149 2271 3233 improba
2302 3150 2528 3231 finget.

627 3254 860 3318 Fando
892 3254 1159 3339 aliquod
1196 3266 1251 3319 si
1282 3256 1457 3319 forte
1488 3263 1640 3319 tuas
1674 3253 1978 3337 pervenit
2011 3254 2096 3318 ad
2130 3260 2328 3318 aures

629 3357 897 3422 Belidae
930 3367 1174 3423 nomen
1211 3360 1585 3424 Palamedis
1616 3369 1685 3424 et
1718 3359 1965 3422 incluta
1998 3359 2183 3421 fama
2253 3422 2257 3426 .

626 3462 852 3527 Gloria
883 3485 1080 3546 quem
1114 3464 1286 3528 falsa
1320 3464 1444 3527 sub
1479 3463 1853 3547 proditione
1887 3463 2154 3544 Pelasgi

625 3553 973 3633 insontem
1005 3569 1287 3632 infando
1317 3568 1580 3643 indicio,
1616 3567 1772 3650 quia
1804 3567 1979 3631 bella
2011 3566 2282 3630 vetabat

630 3672 974 3736 Demisere
1006 3683 1171 3748 neci,
1208 3693 1384 3737 nunc
1419 3692 1681 3736 cassum
1717 3671 1966 3734 lumine
1999 3670 2268 3751 lugent:

635 3776 740 3846 Illi
771 3785 878 3848 me
908 3778 1218 3851 comitem
1250 3787 1319 3843 et
1360 3775 1942 3868 consanguinitate
1976 3774 2422 3866 propinquum
