3015 4288
936 695 1055 866 Ῥ.
1111 789 1578 864 VERGILI
1659 701 2174 864 MARONIS

1160 1000 1995 1096 AENEIDOS

1173 1278 1466 1343 LIBER
1529 1279 1997 1363 QUARTUS

734 1447 833 1526 At
861 1446 1096 1530 regina
1126 1448 1315 1529 gravi
1345 1447 1735 1511 iamdudum
1768 1449 1996 1512 saucia
2025 1468 2187 1512 cura

647 1550 909 1615 Vulnus
939 1550 1055 1615 alit
1087 1550 1293 1626 veniS,
1327 1560 1394 1614 et
1425 1570 1629 1614 caeco
1660 1551 1954 1633 carpitur
1995 1551 2152 1633 igni.

650 1654 867 1718 Multa
896 1654 1018 1717 viri
1047 1653 1258 1717 virtus
1288 1652 1531 1730 animo,
1565 1654 1946 1738 multusque
1975 1663 2273 1719 recursat

648 1756 881 1822 Gentis
912 1757 1162 1835 honos;
1211 1756 1493 1822 haerent
1523 1756 1708 1821 infixi
1741 1767 2011 1842 pectore
2041 1758 2266 1822 vultus

504 1885 537 1941 5
642 1861 1017 1944 Verbaque,
1051 1881 1176 1925 nec
1206 1861 1541 1945 placidam
1574 1861 1889 1925 membris
1922 1862 2037 1925 dat
2067 1882 2227 1925 cura
2256 1863 2565 1946 quietem.

732 1965 1005 2030 Postera
1037 1964 1348 2028 Phoebea
1379 1965 1707 2029 lustrabat
1735 1965 2046 2049 lampade
2077 1974 2288 2029 terras

617 2069 1140 2153 'Umentemque
1173 2068 1442 2133 Aurora
1474 2069 1631 2152 polo
1664 2070 2033 2134 dimoverat
2064 2069 2387 2147 umbram,

646 2173 814 2240 Cum
848 2172 943 2237 sic
976 2173 1359 2237 unanimam
1394 2174 1775 2257 adloquitur
1806 2174 1981 2238 male
2011 2194 2177 2237 sana
2207 2194 2540 2239 sororem:

649 2277 911 2341 “Anna
942 2297 1146 2352 soror,
1184 2297 1355 2361 quae
1388 2297 1496 2342 me
1529 2298 1928 2361 suspensam
1959 2277 2289 2342 insomnia
2318 2278 2602 2342 terrent!

463 2408 528 2445 10
642 2380 810 2464 Quis
841 2401 1056 2445 novus
1088 2380 1195 2445 hic
1227 2381 1473 2446 nostris
1504 2384 1826 2446 successit
1856 2381 2127 2445 sedibus
2156 2381 2423 2464 hospeS‚

646 2483 864 2567 Quem
896 2504 1043 2549 sese
1076 2505 1191 2549 ore
1222 2485 1467 2562 ferens,
1503 2505 1704 2567 quam
1737 2485 1896 2549 forti
1929 2495 2199 2570 pectore
2232 2495 2299 2549 et
2330 2484 2566 2549 armis!

645 2587 861 2652 Credo
892 2588 1222 2671 equidem,
1258 2609 1385 2653 nec
1414 2609 1593 2653 vana
1623 2589 1808 2665 fides,
1843 2610 2059 2672 genus
2090 2609 2240 2653 esse
2271 2588 2565 2653 deorum.

646 2690 1035 2774 Degeneres
1060 2691 1318 2757 animos
1347 2693 1547 2757 timor
1578 2693 1813 2776 arguit.
1912 2693 2088 2769 Heu,
2123 2692 2365 2775 quibus
2394 2691 2504 2755 ille

647 2795 941 2858 Iactatus
973 2795 1166 2859 fatis!
1217 2816 1391 2879 quae
1421 2796 1600 2860 bella
1629 2797 1957 2861 exhausta
1987 2796 2309 2861 canebat!

464 2924 527 2977 15
641 2897 715 2964 Si
745 2897 906 2961 mihi
938 2919 1074 2962 non
1108 2899 1331 2967 animo
1364 2900 1566 2962 fixum
1599 2900 2080 2984 immotumque
2111 2899 2391 2975 sederet,

645 3002 753 3065 Ne
783 3001 891 3065 cui
923 3022 1030 3066 me
1061 3003 1282 3066 vinclo
1312 3003 1556 3067 vellem
1590 3005 1843 3068 sociare
1873 3003 2095 3087 iugali,

645 3105 1002 3195 Postquam
1037 3105 1290 3189 primus
1322 3127 1510 3172 amor
1542 3108 1896 3191 deceptam
1929 3117 2142 3172 morte
2173 3106 2415 3171 fefellit
2433 3126 2450 3185 3

644 3208 718 3274 Si
748 3228 882 3272 non
915 3219 1297 3293 pertaesum
1332 3211 1609 3276 thalami
1643 3212 2014 3295 taedaeque
2045 3211 2304 3287 fuisset,

644 3311 823 3376 Huic
854 3312 970 3376 uni
1002 3313 1230 3377 forsan
1264 3314 1452 3398 potui
1485 3315 1918 3379 succumbere
1952 3314 2209 3398 culpae.

453 3444 522 3485 20
638 3414 861 3492 Anna,
897 3415 1161 3481 fatebor
1193 3418 1389 3495 enim,
1428 3418 1649 3483 miseri
1681 3430 1833 3504 post
1865 3419 2009 3483 fata
2041 3416 2331 3504 Sychaei

641 3518 963 3601 Coniugis
995 3530 1064 3585 et
1095 3541 1363 3602 sparsos
1397 3523 1693 3586 fraterna
1724 3523 1931 3587 caede
1965 3524 2267 3598 PenateS‚

644 3622 843 3688 Solus
875 3624 981 3686 hic
1014 3624 1264 3688 inflexit
1298 3646 1554 3702 sensus,
1590 3626 2015 3709 animumque
2050 3626 2385 3689 labantem

645 3726 936 3819 Impulit.
1034 3728 1400 3811 Adgnosco
1432 3731 1675 3793 veteris
1706 3729 1988 3811 vestigia
2021 3729 2344 3796 flammae.

1526 3852 1626 3914 '103
