3015 4288
384 702 480 754 515

386 1220 484 1272 520

383 1739 481 1793 525

380 2258 477 2312 530

376 2779 471 2831 535

370 3298 469 3352 540

363 3819 462 3881 545

1172 289 1403 342 LIBER
1455 289 1826 357 QUARTUS
1906 251 1909 255 ’
2173 371 2181 383 Ι
2484 301 2510 346 1
2527 301 2604 367 19

572 468 886 532 Falcibus
917 478 986 533 et
1015 488 1275 531 messae
1309 469 1391 531 ad
1430 468 1691 531 Lunam
1727 478 2136 551 quaeruntur
2166 466 2354 531 aenis

570 571 901 635 Pubentes
935 572 1182 636 herbae
1214 573 1391 654 nigri
1422 591 1574 635 cum
1606 571 1777 635 lacte
1810 572 2086 648 veneni;

569 675 932 759 Quaeritur
962 685 1030 739 et
1062 675 1402 739 nascentis
1434 676 1590 759 equi
1621 675 1706 738 de
1736 675 1958 738 fronte
1990 677 2290 739 revulsus

572 780 660 843 Et
692 779 886 843 matri
918 789 1313 863 praereptus
1345 799 1550 843 amor.

571 884 733 966 Ipsa
763 884 939 948 mola
971 883 1412 967 manibusque
1446 882 1573 966 piis
1605 883 1838 947 altaria
1868 885 2068 960 iuxta,

569 988 798 1052 Unum
832 997 1031 1051 exuta
1062 987 1303 1070 pedem
1335 987 1589 1064 vincliS,
1623 988 1693 1050 in
1723 996 1908 1051 veste
1941 987 2250 1064 recincta,

567 1091 879 1154 Testatur
912 1093 1228 1155 moritura
1259 1091 1423 1155 deos
1454 1100 1523 1154 et
1554 1093 1820 1154 conscia
1852 1090 1976 1154 fati

569 1194 839 1272 Sidera3
887 1204 1048 1272 tum,
1083 1194 1139 1260 si
1170 1195 1349 1279 quod
1382 1216 1518 1259 non
1553 1215 1767 1278 aequo
1799 1195 2071 1260 foedere
2103 1206 2405 1260 amantes

566 1298 782 1362 Curae
814 1319 1063 1362 numen
1097 1298 1299 1363 habet
1329 1300 1711 1382 iustumque
1743 1319 2147 1381 memorque,
2184 1309 2509 1381 precatur.

655 1403 805 1466 Nox
836 1412 997 1480 erat,
1033 1412 1101 1466 et
1134 1403 1469 1484 placidum
1500 1402 1869 1486 carpebant
1900 1403 2083 1467 fessa
2114 1422 2421 1484 soporem

566 1507 863 1588 Corpora
894 1527 1015 1590 per
1046 1516 1276 1584 terras,
1311 1506 1648 1590 silvaeque
1679 1517 1748 1571 et
1780 1527 1981 1571 saeva
2012 1507 2317 1589 quierant

564 1610 899 1693 Aequora,
933 1631 1086 1674 cum
1119 1612 1337 1675 medio
1367 1611 1724 1675 volvuntur
1755 1612 1975 1675 sidera
2005 1612 2218 1694 lapsu,

565 1712 733 1779 Cum
766 1724 945 1778 tacet
975 1716 1192 1779 omnis
1224 1736 1404 1798 ager,
1440 1717 1734 1799 pecudes
1767 1717 2119 1799 pictaeque
2150 1716 2472 1793 volucres,

564 1817 887 1901 Quaeque
920 1819 1106 1882 lacus
1138 1820 1271 1883 late
1301 1818 1605 1902 liquidoS,
1640 1840 1946 1902 quaeque
1978 1839 2217 1901 aspera
2246 1819 2466 1884 dumis

565 1921 749 1984 Rura
779 1931 1030 1999 tenent,
1066 1944 1301 1987 somno
1333 1923 1592 2006 positae
1624 1924 1748 1987 sub
1780 1934 1975 1987 nocte
2008 1923 2229 1986 silenti

564 2025 899 2090 Lenibant
930 2047 1143 2103 curaS,
1177 2037 1246 2091 et
1275 2028 1479 2090 corda
1511 2027 1715 2091 oblita
1750 2028 2067 2091 laborum.

560 2130 659 2192 At
687 2150 822 2193 non
855 2129 1087 2194 infelix
1118 2130 1323 2195 animi
1358 2131 1743 2208 Phoenissa,
1778 2153 1902 2196 nec
1936 2152 2252 2215 umquam

562 2233 855 2297 Solvitur
886 2234 953 2297 in
987 2255 1274 2312 somnOS,
1311 2235 1604 2299 oculisve
1636 2245 1752 2298 aut
1785 2245 2056 2317 pectore
2088 2246 2352 2300 noctem

557 2337 864 2420 Accipit3
915 2338 1332 2421 ingeminant
1362 2359 1581 2415 curae,
1616 2359 1978 2421 rursusque
2010 2359 2368 2421 resurgens

558 2440 785 2505 Saevit
814 2462 1019 2518 amor,
1055 2463 1435 2525 magnoque
1467 2442 1712 2505 irarum
1746 2442 2022 2505 fluctuat
2053 2453 2260 2506 aestu.

559 2544 670 2609 Sic
700 2545 870 2609 adeo
902 2545 1163 2623 insistit,
1199 2566 1563 2630 secumque
1594 2546 1687 2609 ita
1718 2547 1919 2609 corde
1951 2546 2241 2610 volutat:

646 2653 684 2682 ‘⁴
707 2649 831 2726 En,
865 2649 1026 2733 quid
1056 2650 1232 2732 ago?
1280 2670 1597 2714 rursusne
1630 2670 1869 2733 procos
1901 2650 2104 2713 inrisa
2136 2650 2389 2733 priores

558 2752 900 2835 Experiar,
938 2754 1454 2837 Nomadumque
1485 2764 1712 2837 petam
1746 2754 2032 2818 conubia
2063 2755 2363 2837 supplex,

554 2856 743 2940 Quos
775 2878 903 2939 ego
936 2858 1060 2921 sim
1093 2857 1339 2922 totiens
1371 2860 1506 2921 iam
1540 2858 1905 2941 dedignata
1938 2857 2253 2921 maritos?

555 2960 795 3024 Iliacas
828 2960 1028 3042 igitur
1058 2963 1308 3026 classes
1342 2974 1543 3047 atque
1577 2963 1809 3025 ultima
1839 2963 2172 3026 Teucrum

555 3064 750 3128 Iussa
781 3066 1067 3148 sequar?
1114 3068 1358 3150 quiane
1391 3067 1635 3130 auxilio
1666 3069 1849 3131 iuvat
1880 3077 2036 3131 ante
2066 3067 2340 3143 levatos,

555 3168 645 3232 Et
675 3168 846 3232 bene
878 3170 1057 3253 apud
1091 3191 1419 3236 memores
1448 3174 1693 3235 veteris
1726 3181 1858 3235 stat
1889 3173 2103 3254 gratia
2136 3172 2341 3235 facti?

552 3271 722 3355 Quis
754 3294 859 3337 me
893 3284 1135 3350 autem,
1172 3276 1281 3339 fac
1314 3277 1507 3352 velle,
1544 3276 1733 3352 sinet,
1770 3275 2106 3339 ratibusve
2138 3274 2444 3358 superbis

554 3377 847 3440 Invisam
880 3380 1207 3462 accipiet?
1255 3380 1473 3444 nescis
1506 3381 1657 3457 heu,
1693 3381 1969 3464 perdita,
2006 3379 2290 3443 necdum

554 3480 1094 3548 Laomedonteae
1127 3488 1334 3549 sentis
1368 3486 1655 3567 periuria
1687 3486 1954 3568 gentis?

550 3585 731 3669 Quid
763 3597 901 3650 tum
927 3588 950 3649 ?
999 3588 1138 3651 sola
1172 3590 1336 3670 fuga
1369 3600 1609 3653 nautas
1642 3589 2008 3653 comitabor
2040 3589 2361 3654 ovantes?

549 3690 664 3753 An
698 3692 918 3775 Tyriis
951 3692 1263 3774 omnique
1296 3713 1498 3756 manu
1534 3695 1778 3777 stipata
1813 3715 2108 3758 meorum

551 3793 834 3875 Inferar‚
872 3804 957 3873 et,
993 3816 1159 3883 quos
1194 3795 1466 3864 Sidonia
1498 3799 1608 3864 vix
1640 3798 1802 3865 urbe
1834 3799 2081 3878 revelli,
