3015 4288
404 1834 473 1883 70

404 2351 471 2407 75

1185 278 1413 332 LIBER
1467 279 1838 347 QUARTUS
2505 286 2583 335 10
2588 283 2620 351 5

584 455 1002 541 Exquirunt3
1035 466 1333 522 mactant
1364 458 1572 522 lectas
1603 458 1688 522 de
1719 478 1904 522 more
1934 457 2242 523 bidentes

585 561 945 644 Legiferae
978 562 1206 628 Cereri
1239 561 1643 644 Phoeboque
1676 562 1981 646 patrique
2018 563 2263 648 Lyaeo,

586 665 826 729 Iunoni
857 675 1012 730 ante
1044 685 1295 741 omnes,
1330 665 1436 729 cui
1466 665 1686 729 vincla
1718 665 1966 747 iugalia
1997 686 2214 730 curae.

584 770 743 852 Ipsa
770 778 1011 833 tenens
1043 770 1275 833 dextra
1308 779 1609 851 pateram
1646 768 2092 852 pulcherrima
2126 770 2309 835 Dido

584 873 950 938 Candentis
979 892 1225 937 vaccae
1257 873 1477 936 media
1507 873 1682 937 inter
1713 894 1964 938 cornua
1993 874 2236 952 fundit,

582 977 725 1041 Aut
755 986 910 1042 ante
942 997 1059 1041 ora
1089 978 1287 1041 deum
1322 979 1610 1060 pingues
1643 978 1969 1060 spatiatur
2000 979 2085 1042 ad
2116 999 2287 1056 araS,

587 1082 1059 1165 Instauratque
1092 1081 1269 1145 diem
1302 1082 1517 1158 donis,
1552 1083 2018 1166 pecudumque
2047 1083 2329 1146 reclusis

588 1185 972 1250 Pectoribus
1002 1185 1270 1249 inhians
1302 1185 1626 1269 spirantia
1656 1186 1944 1251 consulit
1975 1196 2144 1250 exta.

669 1289 827 1354 Heu
856 1300 1085 1354 vatum
1117 1292 1395 1372 ignarae
1427 1290 1725 1354 mentes!
1774 1290 1932 1373 quid
1963 1299 2121 1353 vota
2140 1290 2509 1367 furentem,

585 1393 766 1476 Quid
797 1393 1073 1458 delubra
1105 1394 1384 1458 iuvant?
1478 1394 1602 1458 Est
1635 1394 1868 1458 molles
1900 1394 2169 1457 flamma
2202 1394 2528 1458 medullas

589 1498 872 1574 Interea,
905 1507 973 1562 et
1000 1499 1277 1562 taciturn
1309 1498 1475 1562 vivit
1506 1498 1632 1562 sub
1664 1507 1933 1583 pectore
1962 1498 2225 1562 vulnus.

588 1601 821 1665 Uritur
848 1601 1082 1666 infelix
1115 1601 1294 1667 Dido
1324 1611 1599 1685 totaque
1629 1612 1910 1683 vagatur

588 1703 774 1770 Urbe
805 1704 1056 1780 furens,
1093 1706 1308 1790 qualis
1340 1706 1646 1770 coniecta
1677 1726 1873 1769 cerva
1905 1706 2168 1789 sagitta,

583 1806 804 1890 Quam
837 1810 1068 1891 procul
1100 1809 1437 1873 incautam
1471 1829 1747 1874 nemora
1776 1811 1949 1873 inter
1983 1810 2214 1875 Cresia
2244 1810 2384 1874 fixit

590 1910 823 1975 Pastor
853 1932 1064 1994 agens
1092 1913 1263 1989 telis,
1298 1913 1623 1997 liquitque
1653 1914 1921 1976 volatile
1951 1913 2204 1977 ferrum

591 2013 913 2093 Nescius3
961 2015 1072 2079 illa
1103 2016 1272 2099 fuga
1304 2016 1504 2080 silvas
1538 2017 1881 2100 saltusque
1913 2025 2233 2099 peragrat

589 2115 945 2198 Dictaeos3
995 2120 2009 2220 Q.

677 2222 879 2287 Nunc
910 2225 1130 2288 media
1160 2225 1450 2289 Aenean
1482 2245 1709 2288 secum
1744 2245 1865 2308 per
1897 2225 2158 2288 moenia
2190 2224 2391 2296 ducit,

591 2325 1032 2411 Sidoniasque
1064 2338 1358 2392 ostentat
1390 2349 1557 2409 opes
1590 2328 1957 2411 urbemque
1990 2338 2334 2411 paratam;

591 2429 837 2514 Incipit
867 2432 1078 2508 effari,
1105 2432 1460 2515 mediaque
1492 2432 1560 2495 in
1592 2452 1756 2495 voce
1788 2433 2071 2508 resistit;

593 2533 793 2598 Nunc
824 2534 1059 2598 eadem
1093 2535 1358 2599 labente
1391 2535 1499 2599 die
1532 2537 1836 2599 convivia
1868 2537 2144 2618 quaerit,

593 2636 967 2721 Iliacosque
999 2638 1237 2702 iterum
1271 2639 1550 2703 demens
1582 2639 1811 2702 audire
1844 2639 2104 2703 labores

592 2741 929 2826 Exposcit,
964 2743 1347 2826 pendetque
1378 2744 1617 2806 iterum
1654 2743 1985 2806 narrantis
2018 2743 2103 2806 ab
2135 2764 2268 2808 ore.
2315 2793 2321 2800 .

589 2845 762 2921 Post,
797 2845 911 2909 ubi
944 2845 1244 2928 digressi,
1282 2846 1642 2929 lumenque
1675 2845 1958 2909 obscura
1989 2846 2278 2910 vicissim

595 2949 787 3012 Luna
820 2950 1062 3032 premit
1094 2951 1513 3033 suadentque
1545 2950 1853 3013 cadentia
1886 2950 2102 3014 sidera
2135 2971 2422 3027 somnos,

593 3052 751 3117 Sola
782 3052 981 3118 domo
1014 3064 1265 3118 maeret
1295 3074 1529 3130 vacua,
1562 3053 1922 3135 stratisque
1954 3054 2199 3117 relictis

597 3156 900 3220 Incubat.
997 3158 1197 3221 Illum
1231 3159 1476 3222 absens
1512 3158 1860 3221 absentem
1897 3157 2215 3239 auditque
2246 3158 2581 3241 videtque,

591 3259 737 3324 Aut
768 3261 1023 3343 gremio
1057 3261 1447 3338 Ascanium,
1484 3260 1807 3345 genitoris
1840 3260 2132 3342 imagine
2165 3270 2381 3343 capta,

410 3378 478 3445 85
594 3364 888 3442 Detinet,
921 3367 1273 3430 infandum
1308 3368 1362 3430 si
1395 3367 1630 3430 fallere
1663 3367 1875 3448 possit
1907 3384 2221 3429 amorem.

597 3467 753 3532 Non
787 3480 1066 3552 coeptae
1099 3471 1468 3552 adsurgunt
1499 3480 1735 3545 turreS‚
1772 3490 1906 3532 non
1941 3489 2125 3532 arma
2157 3467 2467 3531 iuventus

600 3572 903 3649 Exercet,
938 3584 1253 3656 portusve
1286 3583 1400 3637 aut
1433 3574 1939 3656 propugnacula
1970 3572 2146 3636 bello

596 3676 775 3741 Tuta
807 3688 1045 3760 parant
1073 3698 1087 3754 ;
1138 3677 1435 3760 pendent
1466 3697 1672 3759 opera
1705 3677 2074 3759 interrupta
2109 3677 2462 3758 minaeque

604 3781 951 3852 Murorum
983 3781 1290 3871 ingentes
1322 3789 1742 3870 aequataque
1774 3781 2085 3848 machina
2117 3780 2320 3852 caelo.
