3015 4288
469 219 594 286 106

461 431 527 483 90

457 948 524 1003 95

463 1468 556 1505 100

461 1984 552 2039 105

459 2505 553 2542 110

467 3017 556 3080 ΗΞ

463 3645 551 3682 120

1175 224 1491 279 VERGILI
1545 225 1946 278 AENEIDOS

719 405 939 490 Quam
976 407 1170 471 simul
1204 427 1282 470 ac
1313 407 1429 470 tali
1463 408 1795 489 persensit
1828 417 2020 489 peste
2051 405 2269 472 teneri

637 510 810 575 Cara
847 510 1025 573 Iovis
1055 512 1365 586 coniunx,
1399 530 1524 573 nec
1557 511 1807 573 famam
1842 510 2107 575 obstare
2141 511 2369 586 furori,

635 613 911 677 Talibus
941 613 1331 696 aggreditur
1361 614 1697 677 Venerem
1732 613 2042 678 Saturnia
2074 614 2305 678 dictis:

639 722 676 749 “
701 717 1057 799 Egregiam
1090 737 1251 781 vero
1284 717 1549 779 laudem
1580 727 1650 779 et
1681 718 1894 799 spolia
1925 718 2151 799 ampla
2184 718 2449 781 refertis

635 822 874 904 Tuque
907 841 1204 904 puerque
1237 830 1429 898 tuus;
1479 840 1799 903 magnum
1838 831 1906 885 et
1937 820 2368 885 memorabile
2401 840 2668 894 numen,

631 925 790 990 Una
820 925 975 988 dolo
1007 925 1230 987 divum
1266 926 1323 987 si
1352 924 1607 987 femina
1637 924 1812 987 victa
1844 925 2125 989 duorum
2156 935 2277 988 est.

640 1027 785 1092 Nec
817 1048 924 1091 me
955 1029 1123 1091 adeo
1156 1029 1327 1092 fallit
1359 1028 1638 1091 veritam
1670 1037 1737 1091 te
1771 1029 2035 1091 moenia
2066 1039 2295 1093 nostra

638 1131 1004 1214 Suspectas
1038 1131 1351 1195 habuisse
1385 1132 1621 1195 domos
1658 1132 2096 1213 Karthaginis
2128 1133 2319 1197 altae.

636 1234 773 1300 Sed
805 1234 953 1317 quis
984 1236 1110 1298 erit
1141 1236 1400 1310 modus,
1434 1245 1550 1299 aut
1583 1257 1715 1319 quo
1741 1256 1918 1299 nunc
1951 1237 2313 1301 certamine
2343 1238 2577 1302 tanto?

637 1338 818 1421 Quin
854 1339 1075 1421 potius
1109 1360 1342 1421 pacem
1375 1349 1720 1402 aeternam
1755 1349 2118 1422 pactosque
2152 1341 2564 1425 hymenaeos

641 1442 1094 1505 Exercemus?
1128 1442 1356 1518 habes,
1391 1452 1532 1506 tota
1564 1443 1744 1526 quod
1778 1452 2001 1507 mente
2034 1445 2295 1524 petisti:

635 1545 850 1609 Ardet
884 1566 1118 1610 amans
1149 1547 1326 1611 Dido
1358 1547 1692 1630 traxitque
1725 1567 1845 1629 per
1875 1567 2029 1610 ossa
2061 1547 2372 1611 furorem.

636 1649 1075 1713 Communem
1117 1650 1297 1713 hunc
1341 1671 1505 1732 ergo
1550 1651 1871 1733 populum
1913 1649 2317 1732 paribusque
2360 1670 2673 1732 regamus

637 1753 1014 1835 Auspiciis;
1062 1754 1256 1817 liceat
1291 1754 1585 1840 Phrygio
1619 1753 1866 1817 servire
1899 1755 2155 1829 marim,
2674 1753 2686 1763 “

640 1856 1051 1938 Dotalesque
1084 1866 1239 1920 tuae
1272 1857 1516 1942 Tyrios
1549 1856 1934 1940 permittere
1965 1855 2298 1920 dextrae.’'

724 1958 858 2024 Olli
879 1996 967 2006 —
986 1959 1194 2023 sensit
1226 1962 1402 2024 enim
1438 1961 1747 2024 simulata
1781 1970 2005 2024 mente
2037 1961 2350 2036 locutam,

634 2063 788 2148 Quo
820 2084 1101 2146 regnum
1139 2064 1374 2128 Italiae
1410 2063 1702 2149 Libycas
1734 2074 2064 2128 averteret
2095 2083 2353 2127 oras—

636 2168 745 2233 Sic
779 2178 1011 2231 contra
1042 2179 1145 2232 est
1177 2171 1482 2250 ingressa
1514 2169 1749 2233 Venus
1777 2190 1791 2232 ε
1843 2174 1880 2200 “
1908 2168 2077 2251 Quis
2109 2170 2268 2232 talia
2299 2168 2577 2233 demens

634 2271 931 2347 Abnuat,
966 2282 1081 2336 aut
1111 2283 1336 2336 tecum
1371 2273 1557 2336 malit
1590 2272 1994 2336 contendere
2027 2272 2248 2336 bello?

635 2376 704 2440 Si
738 2376 953 2451 mod0‚
988 2376 1166 2458 quod
1199 2396 1552 2452 memora5‚
1586 2376 1844 2439 factum
1876 2376 2150 2439 fortuna
2182 2385 2537 2459 sequatur;

636 2480 769 2544 Sed
806 2479 962 2542 fatis
996 2479 1249 2544 incerta
1283 2480 1479 2555 feror,
1516 2481 1572 2542 si
1609 2480 1913 2561 Iuppiter
1945 2500 2146 2543 unam

638 2583 804 2646 Esse
837 2583 996 2646 velit
1027 2583 1248 2667 Tyriis
1282 2582 1514 2645 urbem
1548 2582 1885 2666 Troiaque
1920 2583 2255 2666 profectiS‚

638 2685 991 2750 Miscerive
1025 2686 1258 2769 probet
1291 2687 1597 2768 populos,
1633 2697 1749 2750 aut
1780 2686 2056 2751 foedera
2088 2686 2291 2769 iungi.

632 2790 738 2854 Tu
772 2791 1093 2865 coniunx;
1144 2789 1262 2852 tibi
1295 2790 1403 2853 fas
1435 2790 1730 2853 animum
1765 2800 2095 2873 temptare
2128 2792 2481 2873 precando.

634 2893 882 2975 Perge;
932 2894 1233 2976 sequar.''
1328 2894 1502 2956 Tum
1539 2894 1632 2956 sic
1665 2895 1926 2976 excepit
1957 2895 2141 2975 regia
2175 2895 2384 2958 Iuno:

634 3002 671 3030 ‘⁶
698 2997 965 3061 Mecum
1022 2997 1145 3060 erit
1207 2995 1330 3060 iste
1394 2995 1599 3061 labor.
1698 2998 1896 3060 Nunc
1961 3018 2092 3080 qua
2152 2999 2428 3072 ratione,
2491 2998 2664 3079 quod

805 3101 1026 3176 instat,

631 3204 922 3270 Confieri
958 3205 1183 3287 possit,
1221 3205 1471 3286 pauciS,
1509 3205 1800 3281 adverte,
1834 3205 2104 3269 docebo,

631 3309 966 3372 Venatum
997 3308 1269 3372 Aeneas
1303 3328 1570 3392 unaque
1605 3309 1971 3373 miserrima
2001 3300 2187 3372 'Dido

635 3413 714 3475 In
750 3431 984 3475 nemus
1016 3414 1107 3475 ire
1143 3422 1399 3493 parant,
1435 3412 1547 3475 ubi
1577 3413 1823 3494 primos
1856 3413 2184 3475 crastinus
2217 3422 2399 3475 ortus

637 3516 958 3579 Extulerit
994 3517 1189 3578 Titan
1227 3516 1557 3599 radiisque
1592 3516 1902 3579 retexerit
1937 3515 2184 3579 orbem.

638 3621 765 3682 His
800 3639 925 3699 ego
960 3620 1334 3699 nigrantem
1370 3621 1726 3682 commixta
1758 3620 2082 3699 grandine
2118 3619 2436 3692 nimbum,

636 3724 815 3798 Dum
850 3722 1187 3815 trepidant
1219 3723 1383 3811 alae,
1419 3722 1764 3820 saltusque
1798 3722 2112 3816 indagine
2147 3722 2442 3816 cingunt,
