3015 4288
521 238 646 308 288
1240 238 1560 298 VERG1L1
1609 239 2010 297 AENEmos

692 426 868 490 Tum
900 424 1139 501 senior,
1174 442 1576 507 semperque
1605 422 1774 487 odiis
1804 432 1874 487 et
1902 422 2179 487 crimine
2215 422 2520 488 Drances

696 529 1014 593 Infensus
1045 527 1269 593 iuveni
1308 529 1540 592 Turno
1571 526 1667 592 sic
1698 547 1812 591 ore
1843 526 2133 592 vicissim

693 633 870 699 Orsa
901 634 1107 698 refert
1136 653 1151 696 :
1201 638 1237 665 ‘⁴
1259 631 1323 698 O
1356 633 1543 695 fama
1572 631 1834 715 ingens,
1867 630 2204 714 ingentior
2231 630 2451 709 armis,

523 761 612 817 125
693 737 816 802 Vir
845 738 1154 814 Troiane,
1188 736 1430 821 quibus
1461 737 1651 801 caelo
1682 746 1749 801 te
1780 735 2089 800 laudibus
2120 734 2448 820 aequem?

695 842 1085 906 Iustitiaene
1117 842 1302 925 prius
1332 840 1553 918 mirer,
1587 840 1833 905 belline
1866 840 2214 905 laborum?

694 946 839 1010 Nos
868 965 1027 1010 vero
1057 945 1227 1010 haec
1259 945 1543 1029 patriam
1575 946 1751 1028 grati
1781 944 2152 1009 referemus
2184 944 2270 1008 ad
2302 943 2556 1022 urbem,

695 1050 785 1114 Et
814 1060 900 1127 te,
934 1048 993 1113 si
1022 1069 1157 1134 qua
1185 1050 1364 1113 viam
1394 1048 1656 1114 dederit
1687 1050 1975 1125 fortuna,
2011 1048 2254 1113 Latino

695 1156 1064 1239 Iungemus
1093 1155 1274 1237 regi3
1324 1162 1604 1238 quaerat
1634 1153 1761 1217 sibi
1792 1152 2068 1217 foedera
2097 1153 2384 1216 Turnus.

522 1282 617 1335 130
692 1259 874 1344 Quin
907 1268 976 1324 et
1007 1259 1250 1323 fatales
1283 1278 1621 1322 murorum
1654 1256 1961 1322 attollere
1992 1257 2219 1334 moles,

693 1363 1002 1447 Saxaque
1035 1362 1430 1427 subvectare
1462 1360 1708 1425 umeris
1738 1360 2032 1425 Troiana
2062 1360 2377 1424 iuvabitl'

695 1467 975 1532 Dixerat
1003 1466 1190 1543 haec,
1225 1485 1492 1548 unoque
1524 1483 1760 1529 omnes
1790 1464 2026 1530 eadem
2060 1484 2174 1528 ore
2206 1431 2608 1531 fremebant.

694 1572 808 1636 Bis
841 1590 1040 1636 senos
1073 1571 1393 1653 pepigere
1425 1568 1589 1646 dies,
1622 1577 1692 1633 et
1723 1589 1890 1652 pace
1922 1578 2269 1653 sequestra

693 1675 819 1741 Per
850 1674 1051 1739 silvas
1082 1672 1328 1738 Teucri
1359 1673 1679 1757 mixtique
1708 1674 1986 1756 impune
2022 1670 2246 1736 Latini

521 1802 611 1858 ¹35
696 1779 1024 1842 Erravere
1054 1776 1247 1860 iugis.
1344 1777 1554 1841 Ferro
1587 1786 1782 1841 sonat
1812 1776 1945 1841 icta
1974 1774 2254 1858 bipenni

692 1882 1057 1960 Fraxinus3
1106 1890 1417 1965 evertunt
1448 1890 1635 1946 actas
1667 1880 1753 1945 ad
1785 1881 2005 1946 sidera
2037 1881 2271 1963 pinos;

695 1985 966 2050 Robora
996 2004 1119 2049 nec
1150 1984 1380 2050 cuneis
1411 1994 1482 2049 et
1512 1984 1805 2051 olentem
1837 1984 2141 2049 scindere
2173 1984 2466 2061 cedrum,
2527 2055 2534 2060 Ὢ

697 2089 842 2155 Nec
874 2089 1190 2174 plaustris
1220 2098 1491 2155 cessant
1519 2098 1789 2155 vectare
1818 2088 2244 2173 gementibus
2274 2107 2492 2153 ornos.
2525 2161 2531 2166 ,

756 2297 871 2363 -Et
901 2297 1034 2362 iam
1068 2299 1278 2362 Fama
1307 2298 1563 2376 volans,
1596 2299 1768 2363 tanti
1799 2297 2198 2382 praenuntia
2229 2296 2466 2374 luctus,

520 2424 616 2476 140
695 2401 1086 2466 Euandrum
1122 2401 1555 2485 Euandrique
1585 2401 1820 2466 domos
1852 2411 1920 2466 et
1952 2401 2215 2466 moenia
2246 2401 2478 2484 replet,

691 2506 887 2590 Quae
919 2505 1117 2570 modo
1149 2507 1468 2570 victorem
1504 2505 1700 2569 Latio
1735 2505 2037 2569 Pallanta
2068 2504 2346 2577 ferebat.

693 2610 997 2675 Arcades
1029 2609 1116 2673 ad
1149 2619 1375 2692 portas
1408 2629 1621 2686 ruere,
1655 2618 1724 2673 et
1753 2609 1839 2674 de
1872 2629 2055 2673 more
2086 2617 2378 2681 vetusto,
2411 2592 2424 2601 ⁹

694 2714 1037 2778 Funereas
1067 2733 1349 2796 rapuere
1380 2713 1606 2791 faces;
1657 2714 1835 2779 lucet
1863 2714 1974 2777 via
2004 2712 2208 2796 longo

692 2817 948 2883 Ordine
980 2817 1417 2894 flammarum,
1450 2826 1521 2881 et
1552 2816 1685 2882 late
1717 2817 2129 2882 discriminat
2159 2837 2376 2899 agros.
2451 2864 2457 2871 -

522 2944 611 2999 ¹45
694 2922 946 2988 Contra
976 2920 1170 2985 turba
1204 2921 1548 3008 Phrygum
1579 2921 1857 2987 veniens
1889 2921 2281 3004 plangentia
2310 2921 2529 3003 iungit

694 3025 1010 3108 Agmina.
1105 3024 1299 3109 Quae
1325 3035 1683 3109 postquam
1721 3035 1968 3090 matres
1998 3025 2357 3095 succedere
2388 3022 2584 3089 tectis

690 3128 1039 3206 Viderunt,
1076 3139 1400 3194 maestam
1434 3129 1806 3194 incendunt
1838 3129 2239 3197 clamoribus
2271 3128 2523 3203 urbem.
2616 3170 2622 3177 ·

691 3233 791 3298 At
821 3254 954 3297 non
990 3234 1381 3299 Euandrum
1416 3235 1590 3318 potis
1622 3244 1728 3300 est
1754 3234 1859 3300 vis
1888 3235 2024 3298 ulla
2054 3244 2285 3299 tenere
2302 3253 2319 3311 ;
2349 3300 2354 3304 .
2463 3300 2468 3307 ,

692 3337 827 3403 Sed
860 3338 1043 3405 venit
1074 3337 1142 3402 in
1175 3339 1448 3403 medios.
1546 3340 1824 3405 Feretro
1862 3340 2165 3403 Pallanta
2196 3347 2468 3420 reposto
2519 3406 2526 3416 ,

522 3464 616 3519 150
693 3442 1052 3507 Procubuit
1077 3464 1295 3526 super,
1319 3452 1521 3527 atque
1541 3443 1773 3511 haeret
1794 3443 2279 3526 lacrimansque
2297 3427 2728 3525 gemensque,

696 3546 784 3609 Et
814 3545 923 3610 via
952 3549 1061 3611 vix
1092 3549 1365 3612 tandem
1396 3547 1547 3612 voci
1578 3547 1797 3612 laxata
1828 3547 2054 3612 dolore
2085 3556 2226 3612 est:
2287 3610 2294 3619 ,
2379 3612 2384 3619 ,
2418 3615 2423 3621 ,
2473 3574 2480 3609 1
2509 3574 2522 3621 3

781 3656 819 3683 ‘⁸
844 3652 999 3716 Non
1034 3652 1221 3728 haec,
1255 3672 1295 3715 o
1330 3651 1532 3727 Palla,
1567 3651 1849 3715 dederas
1885 3653 2228 3733 promissas
2242 3649 2523 3734 parenti,
2615 3694 2654 3724 2,
2685 3691 2696 3727 5

694 3754 971 3821 Cautius
1003 3764 1076 3819 ut
1108 3774 1309 3819 saevo
1340 3753 1549 3818 velles
1579 3764 1647 3819 te
1678 3754 1952 3819 credere
1987 3754 2208 3818 Marti.
