3015 4288
478 699 568 755 515

1191 282 1513 337 VERGILI
1565 283 1725 337 AEN
1733 283 1967 338 EIDOS

653 464 859 529 Haud
894 462 1118 546 segnis
1152 471 1358 526 strato
1391 462 1606 545 surgit
1638 462 1988 527 Palinurus
2018 473 2087 528 et
2118 483 2354 529 omnes

653 569 976 651 Explorat
1005 576 1259 642 ventOS,
1295 576 1497 648 atque
1530 566 1800 630 auribus
1830 575 1986 631 aera
2016 578 2243 652 captat
2260 589 2279 647 3

651 672 887 739 Sidera
916 680 1159 735 cuncta
1189 679 1378 734 notat
1408 673 1612 734 tacito
1645 671 1939 735 labentia
1971 673 2177 750 caelo,

651 777 1016 841 Arcturum
1049 775 1442 860 pluviasque
1479 776 1764 861 Hyadas
1797 777 2236 861 geminosque
2267 778 2570 857 Triones,

651 882 1143 964 Armatumque
1173 900 1336 943 auro
1369 878 1819 962 circumspicit
1852 880 2122 946 Oriona.

654 986 1013 1068 Postquam
1045 992 1288 1050 cuncta
1317 983 1499 1047 videt
1530 984 1725 1062 caelo
1751 993 2059 1048 constare
2090 1005 2344 1063 seren0,

561 1149 566 1153 .
654 1090 793 1153 Dat
824 1091 1075 1154 clarum
1107 1109 1145 1152 e
1176 1087 1392 1172 puppi
1423 1087 1729 1171 signum3
1776 1109 1903 1153 nos
1934 1099 2155 1153 castra
2185 1109 2552 1169 movemus,

480 1220 573 1274 520

484 1739 574 1794 525

485 2258 576 2312 530

487 2776 578 2831 535

490 3296 583 3351 540

650 1194 1226 1277 Temptamusque
1254 1194 1432 1256 viam
1465 1200 1534 1257 et
1562 1192 1863 1257 velorum
1893 1194 2251 1277 pandimus
2280 1193 2441 1258 alas.

743 1298 1022 1380 Iamque
1053 1295 1448 1361 rubescebat
1479 1296 1689 1361 stellis
1719 1298 1988 1361 Aurora
2018 1297 2290 1379 fugatiS,

655 1401 825 1467 Cum
858 1400 1090 1485 procul
1122 1400 1442 1464 obscuros
1473 1400 1679 1464 colles
1710 1400 2162 1483 humilemque
2191 1401 2496 1467 videmus

658 1504 939 1569 Italiam.
1037 1504 1299 1568 Italiam
1332 1505 1588 1587 primus
1620 1504 1995 1568 conclamat
2025 1505 2346 1583 AchateS,

656 1609 919 1673 Italiam
951 1608 1128 1672 laeto
1160 1606 1323 1672 socii
1353 1607 1647 1672 clamore
1677 1609 1987 1672 salutant.

656 1713 832 1776 Tum
867 1721 1057 1794 pater
1089 1713 1426 1776 Anchises
1459 1731 1780 1793 magnum
1812 1721 2070 1776 cratera
2101 1733 2350 1777 corona

660 1816 888 1880 Induit
917 1815 1351 1898 implevitque
1383 1835 1586 1891 mero,
1621 1814 1943 1899 divosque
1970 1816 2239 1880 vocavit

657 1920 863 1986 Stans
895 1920 1074 1984 celsa
1104 1917 1173 1981 in
1207 1919 1456 2001 puppi:
1938 1926 1941 1927 ’

659 2029 698 2057 “
721 2025 811 2088 Di
843 2024 1044 2086 maris
1077 2031 1144 2085 et
1174 2031 1392 2086 terrae
1424 2031 2039 2106 tempestatumque
2071 2032 2400 2107 potenteS,

659 2128 859 2192 Ferte
888 2126 1067 2191 viam
1097 2136 1300 2191 vento
1331 2126 1601 2191 facilem
1635 2135 1704 2191 et
1734 2128 1983 2210 spirate
2016 2126 2354 2192 secundi.’'

745 2231 1188 2298 Crebrescunt
1218 2239 1488 2314 optatae
1521 2251 1740 2307 aurae,
1775 2240 2142 2314 portusque
2174 2231 2458 2315 patescit

660 2337 806 2400 Iam
840 2336 1128 2418 propior,
1163 2334 1622 2418 templumque
1652 2344 1937 2417 apparet
1966 2334 2034 2398 in
2067 2355 2221 2399 arce
2256 2336 2618 2401 Minervae.

656 2440 829 2504 Vela
860 2439 1094 2520 legunt
1125 2438 1303 2515 socii,
1335 2447 1407 2502 et
1436 2458 1670 2521 proras
1702 2439 1787 2501 ad
1819 2438 2016 2503 litora
2042 2448 2374 2524 torquent.

661 2544 895 2607 Portus
927 2542 1013 2605 ab
1048 2543 1271 2606 Euroo
1302 2541 1509 2605 fluctu
1540 2551 1853 2606 curvatus
1884 2542 1952 2606 in
1983 2563 2252 2622 arcum;

659 2646 986 2711 Obiectae
1016 2645 1192 2709 salsa
1223 2654 1542 2728 spumant
1570 2648 1928 2728 aspargine
1958 2655 2207 2722 cautes,

660 2751 820 2833 Ipse
850 2749 1049 2827 latet;
1098 2750 1366 2831 gemino
1402 2749 1764 2813 demittunt
1797 2750 2112 2814 bracchia
2144 2771 2333 2815 muro

660 2853 911 2917 Turriti
941 2853 1216 2935 scopuli,
1252 2854 1635 2937 refugitque
1668 2854 1755 2918 ab
1789 2855 1980 2918 litore
2012 2853 2354 2937 templum.

662 2957 997 3040 Quattuor
1025 2956 1152 3033 hic,
1189 2957 1475 3039 primum
1510 2978 1727 3035 omen,
1764 2978 1974 3041 equos
2006 2958 2075 3021 in
2106 2957 2409 3039 gramine
2438 2955 2570 3022 vidi

661 3061 1051 3125 Tondentes
1082 3081 1393 3143 campum
1428 3063 1579 3139 late,
1614 3062 1904 3126 candore
1935 3061 2155 3125 nivali.
2685 3134 2693 3144 ³

665 3166 752 3229 Et
784 3174 979 3258 pater
1006 3164 1383 3230 Anchises:
1434 3171 1474 3200 “
1493 3166 1773 3243 Bellum,
1808 3187 1849 3230 o
1885 3175 2063 3230 terra
2094 3166 2379 3248 hospita,
2414 3177 2638 3248 portas
2650 3183 2672 3248 3

666 3270 854 3333 Bello
885 3278 1229 3333 armantur
1259 3270 1433 3353 equi,
1466 3269 1715 3334 bellum
1750 3270 1918 3334 haec
1951 3278 2255 3334 armenta
2285 3271 2637 3334 minantur.

665 3372 802 3439 Sed
832 3382 1059 3437 tamen
1091 3372 1267 3438 idem
1299 3374 1455 3437 olim
1489 3394 1687 3437 curru
1719 3374 2077 3438 succedere
2109 3373 2279 3438 sueti

663 3477 1174 3560 Quadrupedes,
1208 3487 1275 3542 et
1306 3478 1501 3542 frena
1532 3477 1690 3559 iugo
1724 3478 2078 3542 concordia
2113 3478 2330 3542 ferre:

666 3580 839 3663 Spes
870 3591 938 3646 et
969 3582 1215 3665 pacis,’'
1251 3581 1358 3645 ait.
1454 3582 1629 3645 Tum
1663 3582 1938 3646 numina
1972 3579 2219 3645 sancta
2239 3602 2587 3664 precamur

670 3686 960 3750 Palladis
992 3687 1385 3762 armisonae,
1420 3705 1593 3769 quae
1627 3684 1840 3767 prima
1871 3686 2129 3768 accepit
2160 3696 2458 3763 ovanteS,

495 3817 585 3873 345
671 3792 759 3862 Et
790 3792 1013 3876 capita
1043 3798 1200 3854 ante
1233 3810 1381 3853 aras
1416 3789 1705 3871 Phrygio
1737 3790 2038 3853 velamur
2069 3790 2354 3860 amictu:
