3015 4288
423 282 511 346 60
1151 286 1470 346 VERGILI
1525 291 1685 345 AEN
1690 288 1925 347 EIDOS

602 468 894 535 Dixerat.
993 470 1133 547 Ille,
1170 470 1338 534 dolis
1369 479 1736 536 instructus
1766 481 1835 537 et
1866 481 2006 537 arte
2041 472 2341 555 Pelasga,

599 571 886 637 Sustulit
915 582 1148 638 exutas
1180 574 1415 638 vinclis
1446 576 1534 639 ad
1568 576 1785 639 sidera
1816 576 2074 658 palmas
2102 597 2117 640 ε

687 681 725 710 “
748 678 908 754 Vos,
943 687 1200 742 aeterni
1228 687 1440 761 igne-S,
1475 689 1546 743 et
1575 687 1710 742 non
1744 679 2051 743 violabile
2074 688 2370 743 vestrum

422 805 515 861 155
596 781 840 845 Testor
863 788 1115 845 numen
1137 782 1172 808 ''
1208 784 1317 859 ait,
1356 788 1394 816 “
1419 791 1539 847 vos
1570 791 1726 848 arae
1757 783 2085 866 ensesque
2117 784 2412 860 nefandi,

595 884 783 968 Quos
815 886 980 968 fugi,
1015 886 1355 971 'vittaeque
1387 887 1606 964 deum,
1643 896 1809 971 quis
1841 888 2061 952 hostia
2090 897 2310 970 gessi:

596 989 730 1052 Fas
762 988 922 1053 mihi
954 989 1306 1054 Graiorum
1339 999 1601 1055 sacrata
1631 992 1962 1056 resolvere
1993 992 2154 1069 isira,

595 1093 729 1156 Fas
760 1092 981 1157 odisse
1013 1095 1210 1171 vir65‚
1245 1103 1447 1178 atque
1478 1094 1703 1159 omnia
1735 1096 1912 1160 ferre
1944 1096 2068 1160 sub
2100 1103 2318 1173 auras‚‘

594 1194 668 1260 Si
698 1217 830 1279 qua
861 1207 1102 1280 tegunt
1127 1218 1143 1274 ;
1191 1208 1425 1263 teneor
1456 1199 1715 1282 patriae
1746 1219 1871 1263 nec
1904 1199 2162 1282 legibus
2195 1196 2365 1264 fillis.

420 1311 513 1363 160
591 1300 697 1363 Τῡ
734 1302 931 1366 modo
963 1303 1308 1385 promissis
1342 1310 1636 1379 maneas,
1674 1310 2069 1386 servataque
2101 1312 2326 1367 serves

590 1404 794 1468 Troia
825 1405 1044 1483 fidem,
1080 1416 1137 1470 si
1166 1414 1324 1470 vera
1356 1407 1594 1482 feram,
1629 1417 1685 1470 si
1718 1414 1963 1489 magna
1994 1408 2379 1491 rependam.

680 1514 717 1542 ‘⁶
739 1508 979 1574 Omnis
1012 1517 1168 1592 spes
1204 1511 1521 1574 Danaum
1556 1521 1625 1574 et
1656 1521 1878 1593 coepti
1911 1511 2162 1585 fiducia
2192 1511 2350 1576 belli

594 1612 882 1678 Palladis
914 1614 1171 1679 auxiliis
1205 1635 1475 1698 semper
1510 1614 1712 1679 stetit.
1810 1609 2067 1698 Impius
2098 1636 2179 1680 ex
2209 1623 2343 1698 quo

590 1717 884 1801 Tydides
917 1718 1035 1781 sed
1066 1720 1245 1782 enim
1280 1719 1744 1803 scelerumque
1775 1719 2085 1783 inventor
2117 1720 2367 1796 Ulixes,

419 1839 508 1900 ,¹⁶5
594 1822 828 1886 Fatale
861 1833 1166 1904 aggressi
1197 1830 1458 1887 sacrato
1493 1824 1781 1887 avellere
1811 1823 2063 1906 templo

591 1924 977 2003 Palladium,
1010 1936 1223 1990 caesis
1249 1947 1552 1991 summae
1585 1926 1974 1991 custodibus
2007 1926 2195 2002 arciS‚

591 2028 988 2112 Corripuere
1019 2050 1277 2095 sacram
1310 2031 1618 2114 effigiem,
1658 2030 2096 2113 manibusque
2128 2026 2421 2095 cruentis

589 2133 946 2216 Virgineas
978 2146 1124 2198 ausi
1155 2135 1351 2200 divae
1384 2137 1775 2219 contingere
1807 2134 2025 2212 vittis,

591 2238 695 2302 Ex
724 2238 840 2302 illo
869 2238 1075 2304 fluere
1106 2259 1185 2304 ac
1216 2248 1396 2304 retro
1429 2240 1750 2323 sublapsa
1787 2241 2023 2304 referri

418 2368 509 2419 170
594 2342 767 2426 Spes
803 2343 1138 2420 Danaum,
1174 2345 1429 2408 fractae
1463 2351 1658 2419 vireS,
1692 2351 1929 2408 aversa
1956 2343 2124 2408 deae
2155 2351 2364 2408 mens,

593 2448 741 2511 Nec
773 2447 991 2511 dubiis
1023 2467 1105 2510 ea
1136 2457 1330 2530 signa
1362 2449 1547 2512 dedit
1578 2447 1880 2511 Tritonia
1910 2456 2240 2512 monstris.

590 2550 722 2616 Vix
753 2551 1044 2634 positum
1077 2562 1312 2616 castris
1347 2552 1772 2616 simulacrum
1803 2572 1818 2616 ε
1865 2558 2087 2616 arsere
2119 2571 2437 2617 coruscae

595 2654 992 2719 Liiminibus
1027 2655 1334 2720 flammae
1368 2664 1662 2732 arrectiS,
1703 2656 2051 2739 salsusque
2084 2676 2201 2739 per
2232 2663 2417 2720 artiis

591 2758 812 2824 Sfidor
840 2758 931 2836 iit,
965 2769 1198 2842 terque
1229 2759 1378 2843 ipsa
1410 2760 1658 2824 5016-
1680 2759 1982 2823 mirabile
2012 2759 2193 2822 dictii
2213 2796 2299 2807 —

419 2888 508 2943 175
594 2847 903 2940 Emicuit,
939 2883 1374 2946 parmamque
1406 2855 1651 2946 gerens
1692 2864 2091 2946 hastamque
2124 2873 2537 2928 trementem.

682 2971 720 2999 “
743 2966 1101 3049 Extemplo
1133 2969 1530 3051 temptanda
1563 2968 1728 3050 fuga
1761 2968 1942 3032 canit
1973 2987 2265 3049 aequora
2299 2968 2601 3045 Calchas,

594 3070 741 3135 Nec
773 3091 970 3153 posse
1003 3072 1340 3153 Argolicis
1374 3072 1673 3136 exscindi
1708 3072 2034 3153 Pergama
2065 3072 2231 3147 teliS,

591 3158 839 3240 Omina
869 3185 940 3238 ni
969 3184 1278 3257 repetant
1312 3176 1536 3257 ArgiS‚
1576 3183 1958 3258 numenque
1992 3176 2333 3252 reducant,

591 3278 791 3360 Quod
825 3278 1070 3361 pelago
1099 3288 1167 3343 et
1198 3289 1416 3343 curvis
1449 3287 1676 3342 secum
1710 3286 1991 3343 avexere
2024 3285 2282 3342 carinis.

422 3395 511 3446 180
595 3381 686 3446 Et
715 3402 913 3458 nunc,
947 3383 1127 3464 quod
1160 3383 1408 3465 patrias
1440 3390 1643 3447 vento
1675 3383 1925 3465 petiere
1963 3384 2305 3467 Mycena&

592 3486 804 3549 Arma
836 3485 1129 3569 deosque
1164 3496 1405 3568 parant
1437 3487 1731 3560 comites,
1768 3485 2143 3577 pelagoque
2175 3493 2486 3550 remenso

595 3589 952 3672 Improvisi
982 3590 1283 3655 aderunt.
1382 3591 1488 3654 Ita
1521 3590 1763 3672 digerit
1799 3590 2024 3654 omina
2057 3590 2358 3655 Calchas.

596 3695 794 3759 Hanc
829 3701 949 3777 pro
983 3695 1275 3758 Palladio
1306 3695 1556 3770 moniti,
1593 3701 1715 3777 pro
1746 3696 2019 3759 numine
2054 3696 2235 3758 laeso

594 3800 904 3884 Effigiem
938 3809 1248 3878 statuere,
1283 3801 1478 3863 nefas
1511 3819 1683 3883 quae
1715 3807 1902 3864 triste
1936 3801 2164 3883 piaret.
