3015 4288
362 550 454 590 220

370 1071 457 1126 225

361 2109 451 2166 ²3⁵

354 3149 451 3205 245

356 3671 455 3727 ²50

1150 242 1380 295 LIBER
1428 241 1772 297 TERTIUS
2475 238 2563 320 87

617 421 775 486 Huc
806 418 922 486 ubi
950 420 1155 487 delati
1185 430 1418 505 portus
1449 422 1861 501 intravimus„
1892 443 2052 489 ecce

530 525 742 589 Laeta
772 525 974 589 boum
1006 515 1256 609 passim
1287 526 1545 608 campis
1577 536 1882 591 armenta
1909 526 2236 594 videmus·

530 628 1118 713 Caprigenumque
1149 649 1358 713 pecus
1389 629 1574 694 nullo
1605 630 1883 695 custode
1914 650 2036 714 per
2065 629 2327 697 herbas.

532 732 870 797 Inruimus
902 733 1100 809 ferro,
1134 742 1204 797 et
1234 732 1424 797 divos
1454 734 1812 818 ipsumque
1842 754 2163 799 vocamus

533 838 615 902 In
644 846 903 921 partem
936 836 1391 920 praedamque
1424 839 1694 914 Iovem;
1742 847 1884 904 tum
1916 837 2108 903 litore
2138 859 2343 904 curvo

533 941 1086 1024 Exstruimusque
1114 950 1298 1006 toros
1330 941 1751 1026 dapibusque
1784 942 2134 1026 epulamur
2163 942 2422 1026 opimis.

533 1047 630 1111 At
660 1046 919 1111 subitae
952 1032 1259 1111 horrifico
1292 1045 1489 1130 lapsu
1524 1046 1610 1111 de
1639 1046 1980 1111 montibus
2010 1046 2256 1111 adsunt

534 1151 883 1236 Harpyiae
911 1159 982 1215 et
1011 1149 1276 1232 magnis
1308 1150 1620 1234 quatiunt
1649 1151 2076 1234 clangoribus
2106 1151 2267 1229 alaS,

535 1253 1008 1337 Diripiuntque
1040 1253 1254 1337 dapes
1286 1263 1735 1339 contactuque
1767 1254 1991 1318 omnia
2020 1254 2301 1325 foedant

535 1359 929 1435 Immund03
975 1368 1119 1422 tum
1149 1378 1234 1422 vo
1422 1368 1600 1423 trum
1633 1358 1778 1423 dira
1807 1359 1982 1424 inter
2010 1358 2305 1423 odorem.

533 1463 824 1526 Rursum
856 1462 925 1526 in
959 1367 1463 1654 secessu}
1498 1461 1624 1526 sub
1656 1482 1827 1547 rupe
1856 1471 2092 1527 cavata

532 1565 907 1630 Arboribus
938 1565 1167 1630 clausa
1198 1567 1259 1629 ci
1395 1552 1406 1567 '
1484 1575 1689 1650 atque
1721 1566 2145 1631 horrentibus
2173 1564 2448 1644 umbris,

534 1669 934 1749 Instruimus
965 1681 1233 1734 mensas
1264 1658 1531 1753 arisque
1565 1670 1952 1754 reponimus
1983 1669 2249 1753 ignem3

533 1772 826 1841 Rursui‘h
857 1793 939 1837 ex
969 1773 1232 1838 diverso
1268 1773 1437 1838 caeli
1470 1774 1821 1858 caecisque
1856 1773 2128 1839 latebris

530 1877 758 1940 Turba
788 1897 1036 1941 sonans
1069 1877 1390 1960 praedam
1425 1877 1711 1962 pedibus
1744 1877 2178 1943 circumvolat
2207 1879 2417 1956 uncis,
2510 1874 2515 1879 ’

532 1980 773 2045 Polluit
803 2001 916 2045 ore
949 1980 1177 2064 dapes.
1276 1980 1490 2047 Sociis
1524 1991 1705 2060 tune,
1741 2002 1926 2046 arma
1957 1990 2334 2065 capessant,

535 2084 763 2162 Edico,
797 2094 867 2149 et
897 2084 1042 2150 dira
1071 2084 1321 2150 bellum
1354 2106 1504 2151 curn
1537 2095 1743 2170 gen-te
1773 2086 2158 2169 gerendum.

534 2188 740 2253 Haud
771 2209 964 2253 secus
996 2210 1075 2255 ac
1108 2189 1272 2255 iussi
1306 2189 1584 2268 faciunt,
1620 2200 1970 2275 tectosque
2003 2210 2124 2274 per
2154 2189 2433 2255 herbam

534 2293 920 2376 Disponunt
950 2314 1151 2358 enses
1183 2303 1254 2359 et
1282 2304 1474 2361 scuta
1509 2295 1786 2360 latentia
1816 2294 2132 2359 condunt.

534 2397 716 2479 Ergo
747 2395 865 2460 ubi
894 2397 1213 2480 delapsae
1245 2399 1539 2463 sonitum
1573 2418 1694 2483 per
1726 2419 1930 2463 curva
1959 2397 2205 2463 dedere

533 2501 779 2579 Litora,
815 2501 932 2565 dat
965 2501 1233 2584 signum
1267 2502 1542 2587 specula
1577 2504 1882 2567 Misenus
1913 2501 1998 2566 ab
2029 2502 2164 2566 alta

530 2605 713 2669 Aere
743 2624 927 2669 cavo.
1039 2605 1381 2671 Invadunt
1416 2606 1596 2684 socii,
1630 2616 1699 2671 et
1730 2626 1905 2670 nova
1937 2606 2186 2689 proelia
2218 2614 2568 2691 temptant,

476 2792 483 2801 .
532 2709 880 2774 Obscenas
911 2710 1135 2793 pelagi
1168 2710 1348 2775 ferro
1384 2711 1660 2776 foedare
1690 2709 2014 2774 volucres.

531 2811 666 2878 Sed
698 2832 917 2895 neque
944 2814 1080 2876 vim
1114 2814 1358 2896 plumis
1393 2814 1599 2878 ullam
1632 2834 1757 2878 nec
1788 2812 2065 2878 vulnera
2095 2822 2287 2895 tergo

530 2915 915 2999 Accipiunt,
950 2917 1282 3001 celerique
1314 2919 1482 3000 fuga
1516 2918 1640 2983 sub
1676 2917 1894 2981 sidera
1923 2916 2155 3001 lapsae

532 3021 878 3087 Semesam
909 3023 1229 3106 praedam
1261 3033 1329 3089 et
1357 3024 1643 3106 vestigia
1674 3022 1875 3086 foeda
1906 3020 2305 3103 relinquunt.

620 3126 780 3192 Una
809 3125 877 3190 in
911 3127 1256 3211 praecelsa
1289 3126 1593 3193 consedit
1626 3146 1794 3210 rupe
1827 3125 2136 3202 Celaeno,

534 3229 779 3295 Infelix
809 3240 1017 3308 vateS‚
1052 3233 1435 3315 rumpitque
1467 3233 1642 3296 hanc
1679 3239 1952 3314 pectore
1981 3248 2255 3293 vocem:

534 3338 573 3367 “
596 3333 853 3398 Bellum
886 3336 1087 3399 etiam
1120 3356 1240 3417 pro
1273 3335 1477 3400 caede
1507 3334 1712 3421 boum
1748 3332 2106 3416 stratisque
2136 3330 2452 3410 iuvencis,

535 3437 1165 3515 Laomedontiadae,
1199 3439 1537 3504 bellumne
1569 3438 1819 3503 inferre
1854 3437 2104 3521 paratis

535 3541 625 3606 Et
656 3543 870 3625 patrio
906 3543 1248 3627 Harpyias
1281 3542 1581 3607 insontes
1615 3542 1864 3624 pellere
1898 3541 2153 3624 regno?

534 3645 843 3729 Accipite
876 3666 1038 3728 ergo
1073 3647 1310 3710 animis
1343 3655 1546 3729 atque
1577 3647 1744 3710 haec
1777 3666 1925 3710 mea
1957 3646 2141 3728 figite
2173 3645 2370 3720 dicta,

536 3748 728 3837 Quae
761 3749 1029 3817 Phoebo
1069 3760 1260 3837 pater
1296 3750 1738 3836 omnipotenS,
1776 3750 1938 3814 mihi
1975 3749 2285 3816 Phoebus
2318 3747 2567 3834 Apollo
