3015 4288
1168 270 1398 330 LmER
1449 270 1716 331 Nonus
2167 246 2176 256 ’
2419 280 2456 337 2
2465 277 2538 351 51

328 468 426 537 675
515 456 798 534 Portam,
835 478 1008 542 quae
1039 456 1227 521 ducis
1258 456 1539 540 imperio
1570 458 1943 535 commissa,
1976 456 2346 533 recludunt,

513 564 692 626 Freti
724 563 945 637 armis,
979 563 1284 644 ultroque
1315 562 1603 624 invitant
1634 562 1983 625 moenibus
2015 562 2292 626 hostem.

513 666 654 750 Ipsi
683 666 862 730 intus
893 665 1126 730 dextra
1157 684 1236 729 ac
1267 665 1459 729 laeva
1492 685 1615 748 pro
1645 665 1939 730 turribus
1970 666 2257 743 adstant,

510 769 775 835 Armati
805 769 984 834 ferro
1015 782 1084 837 et
1114 768 1332 833 cristis
1362 771 1588 851 capita
1620 769 1755 832 alta
1786 769 2082 834 corusci:

512 874 764 958 Quales
794 873 1014 937 aeriae
1046 872 1368 957 liquentia
1399 873 1677 937 flumina
1708 875 1973 952 circum,

326 992 429 1044 680
510 979 669 1045 Sive
701 979 864 1044 Padi
893 979 1073 1063 ripiS,
1109 977 1423 1043 Athesim
1459 999 1578 1044 seu
1612 989 1885 1063 propter
1915 998 2290 1055 amoenum,

510 1084 944 1167 Consurgunt
974 1083 1285 1166 geminae
1316 1103 1605 1167 quercus
1634 1085 2032 1167 intonsaque
2064 1082 2250 1149 caelo

509 1187 848 1252 Attollunt
877 1188 1100 1270 capita
1130 1196 1198 1253 et
1228 1187 1498 1253 sublimi
1528 1189 1778 1253 vertice
1810 1196 2067 1252 nutant.

514 1293 917 1374 Inrumpunt
948 1294 1169 1358 aditus
1205 1292 1438 1358 Rutuli
1470 1303 1546 1358 ut
1574 1292 1801 1357 videre
1833 1301 2157 1376 patentes,

511 1397 846 1462 Continuo
881 1397 1228 1481 Quercens
1260 1407 1330 1462 et
1361 1397 1642 1482 pulcher
1676 1396 2047 1480 Aquicolus
2077 1394 2280 1460 armis

327 1510 427 1577 685
516 1499 604 1563 Et
636 1521 960 1584 praeceps
991 1502 1198 1566 animi
1228 1501 1518 1567 Tmarus
1535 1511 1620 1567 ·et
1652 1502 2024 1566 Mavortius
2058 1500 2369 1565 Haemon

510 1604 918 1686 Agminibus
946 1605 1103 1670 totis
1134 1615 1251 1671 aut
1279 1606 1456 1671 versi
1486 1615 1679 1689 terga
1708 1605 1971 1683 dedere,

510 1707 655 1771 Aut
683 1707 831 1792 ipso
863 1719 1095 1792 portae
1129 1730 1416 1794 posuere
1447 1710 1517 1774 in
1550 1709 1775 1774 limine
1806 1709 2029 1774 vitam.

509 1812 683 1876 Turn
715 1813 933 1895 magis
963 1812 1345 1879 increscunt
1376 1814 1617 1878 animis
1649 1813 2061 1878 discordibus
2090 1814 2267 1891 irae;

514 1915 603 1979 Et
633 1914 765 1979 iam
798 1916 1058 1982 collecti
1089 1918 1302 1982 Troes
1333 1918 1791 2001 glomerantur
1820 1917 2075 1993 eodem,

331 2031 430 2097 690
514 2019 604 2082 Et
631 2021 940 2085 conferre
973 2041 1245 2084 manum
1278 2032 1346 2086 et
1380 2041 1769 2104 procurrere
1801 2020 2068 2103 longius
2100 2019 2366 2084 audent.

600 2124 880 2189 Ductori
910 2125 1163 2203 Turno,
1200 2125 1464 2191 diversa
1495 2124 1564 2189 in
1597 2135 1788 2210 parte
1820 2124 2066 2189 furenti

509 2228 971 2313 Turbantique
1000 2232 1199 2308 viroS,
1236 2231 1570 2313 perfertur
1602 2229 1894 2305 nuntiuS,
1930 2229 2190 2292 hostem

512 2333 800 2397 Fervere
831 2335 1037 2398 caede
1070 2355 1262 2411 nova,
1296 2344 1365 2399 et
1396 2344 1625 2419 portas
1656 2333 1980 2419 praebere
2013 2341 2340 2415 patentes.

514 2436 783 2500 Deserit
812 2438 1174 2520 inceptum,
1212 2448 1413 2521 atque
1444 2437 1720 2501 immani
1751 2436 2049 2502 concitus
2080 2437 2176 2499 ira

330 2561 429 2617 ⁶95
518 2539 930 2604 Dardaniam
963 2541 1091 2605 ruit
1123 2542 1207 2606 ad
1241 2552 1504 2625 portam
1538 2542 1917 2624 fratresque
1949 2539 2294 2623 superbos

513 2644 602 2707 Et
633 2643 919 2726 primurn
954 2645 1395 2728 Antiphaten,
1430 2645 1487 2709 is
1519 2646 1696 2709 enim
1730 2664 1801 2709 se
1834 2644 2087 2727 primus
2119 2641 2382 2726 agebat,

509 2747 836 2811 Thebana
867 2748 951 2812 de
984 2759 1195 2812 matre
1227 2749 1510 2813 nothum
1545 2747 1955 2832 Sarpedonis
1987 2746 2122 2824 alti,

512 2850 830 2916 Coniecto
864 2853 1097 2916 sternit
1129 2853 1382 2931 iaculo;
1430 2853 1613 2918 volat
1648 2853 1819 2917 Itala
1851 2872 2094 2916 cornus

511 2953 696 3018 Ae'ra
727 2974 848 3038 per
879 2965 1202 3033 tenerum,
1240 2959 1721 3041 stomachoque
1753 2956 1953 3020 infixa
1986 2954 2109 3019 sub
2140 2954 2349 3019 altum

331 3085 429 3136 700
512 3060 749 3123 Pectus
781 3059 958 3136 abit;
1005 3061 1223 3125 reddit
1257 3082 1499 3143 specus
1533 3062 1658 3126 atri
1688 3060 1981 3125 vulneris
2013 3059 2261 3123 undam

511 3163 969 3246 Spumantem,
1005 3175 1070 3229 et
1102 3165 1230 3230 fixo
1263 3166 1513 3230 ferrum
1548 3166 1616 3229 in
1650 3165 1967 3249 pulmone
1999 3163 2299 3246 tepescit.

508 3268 683 3332 Turn
741 3271 1091 3352 Meropem
1145 3279 1346 3352 atque
1404 3270 1778 3355 Erymanta
1840 3289 2060 3345 manu,
2108 3278 2250 3332 turn
2310 3267 2546 3331 sternit

685 3373 1119 3455 Aphidnum;

508 3476 683 3539 Tum
719 3476 938 3541 Bitian
974 3478 1317 3543 ardentem
1350 3478 1560 3543 oculis
1591 3478 1964 3560 animisque
1996 3477 2412 3551 frementem,

513 3580 669 3645 Non
701 3580 916 3644 iaculo
938 3603 1260 3665 —neque
1293 3584 1469 3646 enim
1503 3583 1719 3646 iaculo
1750 3582 1953 3646 vitam
1986 3581 2097 3644 ille
2128 3580 2423 3644 dedisset
2439 3616 2542 3656 —--,

334 3705 428 3761 705
515 3684 650 3749 Sed
684 3704 1001 3767 magnum
1035 3686 1320 3750 stridens
1352 3694 1655 3750 contorta
1687 3685 2026 3768 phalarica
2058 3684 2258 3760 venit,

510 3788 838 3854 Fulminis
869 3800 1018 3854 acta
1050 3790 1266 3867 modo,
1301 3810 1500 3875 quam
1535 3809 1659 3854 nec
1692 3788 1825 3853 duo
1859 3798 2089 3853 taurea
2120 3797 2331 3873 terga,
