3015 4288
409 302 533 371 332
1125 290 1445 347 VERGILI
1497 290 1903 348 AENEmos

588 472 1005 541 Dardanium
1036 472 1344 549 Aenean,
1379 491 1839 556 generumque
1870 472 2228 539 adsciverit
2259 474 2452 541 ultro·

681 581 951 643 Interea
982 586 1279 641 extremo
1309 576 1592 640 bellator
1622 577 1689 640 in
1722 597 2011 661 aequore
2042 578 2312 643 Turnus

408 697 506 765 615
588 684 900 748 Palantes
932 680 1230 765 sequitur
1262 700 1515 763 paucos
1546 680 1677 743 iam
1712 681 1998 764 segnior,
2034 691 2238 765 atque

589 789 735 852 Iam
768 786 988 849 minus
1020 794 1223 868 atque
1254 784 1476 848 minus
1507 804 1824 850 successu
1857 785 2074 851 laetus
2110 804 2456 870 equorum.

478 904 486 920 ⁸
586 891 839 957 Attulit
868 891 1046 953 hunc
1078 888 1174 952 illi
1204 889 1422 953 caecis
1454 889 1818 954 terroribus
1850 909 2014 954 aura

587 994 1036 1063 Commixtum
1067 993 1448 1068 clamorem,
1485 1004 1910 1077 arrectasque
1943 994 2209 1077 impulit
2239 1013 2437 1060 aures

587 1100 929 1167 Confusae
961 1116 1166 1161 sonus
1197 1095 1380 1160 urbis
1412 1105 1481 1160 et
1513 1096 1895 1162 inlaetabile
1928 1118 2243 1162 murmur.

411 1218 512 1268 620
594 1210 631 1238 “
660 1205 741 1266 Ei
771 1202 971 1266 mihi!
1020 1201 1181 1286 quid
1211 1210 1403 1265 tanto
1433 1201 1787 1265 turbantur
1818 1202 2082 1267 moenia
2112 1201 2342 1268 luctu?

587 1309 842 1391 Quisve
873 1306 1004 1370 ruit
1037 1314 1264 1370 tantus
1295 1305 1561 1370 diversa
1591 1306 1843 1370 clamor
1873 1306 1957 1370 ab
1989 1306 2200 1371 urbe?
2222 1307 2259 1332 ”

590 1411 702 1478 Sic
735 1411 845 1489 ait,
879 1410 1319 1494 adductisque
1350 1430 1586 1474 amens
1618 1409 1918 1475 subsistit
1948 1410 2246 1475 habenis.

589 1517 818 1600 Atque
848 1515 1021 1592 huie,
1046 1515 1117 1578 in
1148 1513 1394 1577 faciem
1426 1535 1615 1578 soror
1644 1524 1718 1578 ut
1747 1535 2071 1580 conversa
2104 1513 2372 1579 Metisci

585 1619 890 1702 Aurigae
922 1636 1325 1701 currumque
1356 1627 1425 1682 et
1454 1637 1664 1700 equos
1696 1628 1765 1682 et
1796 1618 1937 1682 lora
1969 1618 2261 1700 regebat,

412 1734 510 1801 625
588 1724 866 1787 Talibus
897 1721 1182 1786 occurrit
1214 1721 1446 1785 dictis:
1498 1727 1536 1755 “
1561 1722 1732 1798 Hae,
1765 1723 2012 1798 Turne,
2047 1740 2408 1805 sequamur

588 1827 1025 1909 TroiugenaS,
1060 1846 1193 1909 qua
1226 1825 1442 1909 prima
1471 1827 1650 1890 viam
1680 1825 1956 1891 victoria
1989 1825 2264 1909 pandit3

591 1931 766 1996 Sunt
795 1930 923 2008 alii,
957 1928 1072 2013 qui
1100 1939 1281 1994 tecta
1312 1950 1517 1993 manu
1550 1929 1916 1994 defendere
1951 1929 2228 2013 possint.

595 2035 857 2117 Ingruit
883 2033 1161 2113 Aeneas
1197 2034 1387 2098 Italis
1418 2043 1486 2097 et
1528 2035 1781 2115 proelia
1813 2033 2047 2098 miscet
2073 2054 2089 2112 ;

594 2139 684 2203 Et
713 2160 837 2203 nos
869 2160 1070 2203 saeva
1102 2160 1306 2202 manu
1337 2137 1681 2201 mittamus
1712 2137 1952 2202 funera
1983 2136 2281 2203 Teucris.

416 2254 517 2320 630
596 2244 740 2308 Nec
771 2263 1051 2307 numero
1082 2242 1378 2319 inferior,
1414 2262 1687 2326 pugnae
1717 2262 1844 2307 nec
1877 2243 2130 2307 honore
2160 2242 2500 2307 recede5.”

677 2348 946 2411 Turnus
977 2346 1063 2410 ad
1097 2347 1302 2410 haec:

595 2457 633 2486 ‘⁸
653 2450 716 2518 O
751 2471 951 2527 soror,
986 2460 1055 2515 et
1084 2450 1341 2514 dudum
1371 2450 1687 2533 adgnovi,
1722 2471 1873 2515 cum
1907 2449 2123 2533 prima
2154 2469 2277 2533 per
2305 2458 2518 2513 artem

595 2556 897 2620 Foedera
929 2554 1210 2618 turbasti
1242 2563 1444 2637 teque
1478 2556 1645 2619 haec
1676 2555 1745 2618 in
1778 2555 1955 2618 bella
1985 2553 2243 2630 dedisti,

594 2660 683 2723 Et
715 2680 893 2723 nunc
925 2658 1330 2742 nequiquam
1363 2658 1544 2721 fallis
1575 2658 1720 2722 dea.
1812 2657 1947 2722 Sed
1979 2657 2130 2741 quis
2161 2656 2459 2743 Olympo

417 2776 513 2841 635
599 2764 979 2827 Demissam
1011 2771 1235 2825 tantos
1264 2763 1476 2826 voluit
1505 2772 1576 2826 te
1606 2763 1785 2826 ferre
1817 2762 2079 2826 labores
2105 2762 2130 2825 ?

593 2869 709 2931 An
741 2866 966 2930 fratris
997 2866 1223 2929 miseri
1256 2867 1462 2930 letum
1495 2876 1571 2930 ut
1602 2865 1874 2930 crudele
1906 2865 2211 2930 videres?

597 2971 774 3034 Nam
807 2971 964 3053 quid
998 2991 1147 3053 ag0,
1171 2980 1287 3034 aut
1312 2991 1485 3054 quae
1518 2972 1651 3034 iam
1685 2970 1974 3053 spondet
2005 2970 2277 3039 fortuna
2306 2968 2596 3032 salutern
2622 2968 2651 3034 ?

594 3074 751 3139 Vidi
782 3076 1008 3139 oculos
1042 3084 1197 3140 ante
1230 3074 1375 3158 ipse
1411 3096 1596 3139 meos
1628 3095 1737 3138 me
1765 3095 1933 3139 voce
1964 3082 2315 3138 vocantem

600 3180 1013 3256 Murranum,
1048 3201 1180 3263 quo
1213 3200 1347 3264 non
1382 3189 1658 3261 superat
1692 3179 1855 3242 mihi
1885 3177 2099 3243 carior
2128 3177 2314 3255 alter,

419 3293 520 3359 640
597 3284 959 3366 Oppetere,
992 3286 1357 3367 ingentem,
1394 3294 1597 3367 atque
1630 3284 1887 3366 ingenti
1920 3282 2195 3347 vulnere
2226 3281 2493 3346 victum.

600 3388 864 3454 Occidit
893 3387 1125 3452 infelix
1158 3409 1243 3452 ne
1275 3398 1578 3453 nostrum
1610 3388 1904 3452 dedecus
1938 3387 2162 3453 Ufens

597 3493 995 3576 Aspiceret;
1043 3492 1286 3558 Teucri
1319 3493 1664 3574 potiuntur
1694 3512 1970 3575 corpore
2002 3500 2070 3556 et
2101 3489 2319 3554 armis,

601 3597 1004 3661 Exscindine
1036 3596 1460 3660 domos—id
1492 3595 1691 3660 rebus
1722 3595 1939 3660 defuit
1969 3615 2173 3659 unum
2193 3630 2284 3643 —

600 3701 958 3783 Perpetiar,
993 3702 1224 3763 dextra
1256 3720 1380 3763 nec
1418 3700 1706 3763 Drancis
1738 3700 1917 3763 dicta
1941 3698 2289 3762 refellam?
2958 3753 2959 3766 ,

425 3814 522 3883 ⁶45
604 3805 830 3888 Terga
866 3803 1059 3880 dabo,
1093 3814 1161 3867 et
1198 3804 1502 3868 Turnum
1538 3803 1911 3886 fugientem
1945 3804 2108 3867 haec
2140 3812 2315 3867 terra
2343 3799 2652 3869 videbit?
