<?xml version="1.0" encoding="UTF-8"?>
<!DOCTYPE html PUBLIC "-//W3C//DTD XHTML 1.0 Transitional//EN"
    "http://www.w3.org/TR/xhtml1/DTD/xhtml1-transitional.dtd">
<html xmlns="http://www.w3.org/1999/xhtml" xml:lang="en" lang="en">
 <head>
  <title>
</title>
<meta http-equiv="Content-Type" content="text/html;charset=utf-8" />
  <meta name='ocr-system' content='tesseract 3.04.00' />
  <meta name='ocr-capabilities' content='ocr_page ocr_carea ocr_par ocr_line ocrx_word'/>
</head>
<body>
  <div class='ocr_page' id='page_1' title='image "./virgilsaeneidbo01denngoog_0106.png"; bbox 0 0 3015 4288; ppageno 0'>
   <div class='ocr_carea' id='block_1_1' title="bbox 434 274 561 326">
    <p class='ocr_par' dir='ltr' id='par_1_1' title="bbox 434 274 561 326">
     <span class='ocr_line' id='line_1_1' title="bbox 434 274 561 326; baseline 0.008 -1"><span class='ocrx_word' id='word_1_1' title='bbox 434 274 561 326; x_wconf 89' lang='lat'>100</span> 
     </span>
    </p>
   </div>
   <div class='ocr_carea' id='block_1_2' title="bbox 430 460 523 527">
    <p class='ocr_par' dir='ltr' id='par_1_2' title="bbox 430 460 523 527">
     <span class='ocr_line' id='line_1_2' title="bbox 430 460 523 527; baseline 0.054 -5"><span class='ocrx_word' id='word_1_2' title='bbox 430 460 523 527; x_wconf 83' lang='grc'>545</span> 
     </span>
    </p>
   </div>
   <div class='ocr_carea' id='block_1_3' title="bbox 1135 266 1913 326">
    <p class='ocr_par' dir='ltr' id='par_1_3' title="bbox 1135 266 1913 326">
     <span class='ocr_line' id='line_1_3' title="bbox 1135 266 1913 326; baseline 0 0"><span class='ocrx_word' id='word_1_3' title='bbox 1135 268 1378 326; x_wconf 85' lang='lat' dir='ltr'>VERGI</span> <span class='ocrx_word' id='word_1_4' title='bbox 1387 269 1455 324; x_wconf 90' lang='lat' dir='ltr'>LI</span> <span class='ocrx_word' id='word_1_5' title='bbox 1509 266 1913 326; x_wconf 79' lang='lat' dir='ltr'>AENEIDOS</span> 
     </span>
    </p>
   </div>
   <div class='ocr_carea' id='block_1_4' title="bbox 606 444 2467 619">
    <p class='ocr_par' dir='ltr' id='par_1_4' title="bbox 606 444 2467 619">
     <span class='ocr_line' id='line_1_4' title="bbox 695 444 2467 532; baseline -0.002 -17"><span class='ocrx_word' id='word_1_6' title='bbox 695 453 732 484; x_wconf 88' lang='lat'>“</span> <span class='ocrx_word' id='word_1_7' title='bbox 752 447 981 515; x_wconf 84' lang='lat' dir='ltr'>Tertia</span> <span class='ocrx_word' id='word_1_8' title='bbox 1011 447 1141 514; x_wconf 89' lang='lat' dir='ltr'>iam</span> <span class='ocrx_word' id='word_1_9' title='bbox 1179 448 1414 513; x_wconf 90' lang='lat' dir='ltr'>Lunae</span> <span class='ocrx_word' id='word_1_10' title='bbox 1444 468 1519 513; x_wconf 89' lang='lat' dir='ltr'>se</span> <span class='ocrx_word' id='word_1_11' title='bbox 1550 469 1798 513; x_wconf 91' lang='lat' dir='ltr'>cornua</span> <span class='ocrx_word' id='word_1_12' title='bbox 1829 448 2077 513; x_wconf 89' lang='lat' dir='ltr'>lumine</span> <span class='ocrx_word' id='word_1_13' title='bbox 2107 444 2467 532; x_wconf 84' lang='lat' dir='ltr'>complent,</span> 
     </span>
     <span class='ocr_line' id='line_1_5' title="bbox 606 551 2155 619; baseline -0.001 -2"><span class='ocrx_word' id='word_1_14' title='bbox 606 552 776 617; x_wconf 93' lang='lat' dir='ltr'>Cum</span> <span class='ocrx_word' id='word_1_15' title='bbox 808 553 1013 619; x_wconf 89' lang='lat' dir='ltr'>vitam</span> <span class='ocrx_word' id='word_1_16' title='bbox 1045 554 1115 616; x_wconf 95' lang='lat' dir='ltr'>in</span> <span class='ocrx_word' id='word_1_17' title='bbox 1147 551 1330 616; x_wconf 90' lang='lat' dir='ltr'>silvis</span> <span class='ocrx_word' id='word_1_18' title='bbox 1360 551 1536 616; x_wconf 89' lang='lat' dir='ltr'>inter</span> <span class='ocrx_word' id='word_1_19' title='bbox 1565 552 1831 616; x_wconf 90' lang='lat' dir='ltr'>deserta</span> <span class='ocrx_word' id='word_1_20' title='bbox 1861 552 2155 616; x_wconf 84' lang='lat' dir='ltr'>ferarum</span> 
     </span>
    </p>
   </div>
   <div class='ocr_carea' id='block_1_5' title="bbox 494 653 2566 740">
    <p class='ocr_par' dir='ltr' id='par_1_5' title="bbox 494 653 2566 740">
     <span class='ocr_line' id='line_1_6' title="bbox 494 653 2566 740; baseline -0.001 -20"><span class='ocrx_word' id='word_1_21' title='bbox 494 694 502 702; x_wconf 91' lang='lat'><strong>·</strong></span> <span class='ocrx_word' id='word_1_22' title='bbox 607 655 852 720; x_wconf 88' lang='lat' dir='ltr'>Lustra</span> <span class='ocrx_word' id='word_1_23' title='bbox 885 656 1253 738; x_wconf 92' lang='lat' dir='ltr'>domosque</span> <span class='ocrx_word' id='word_1_24' title='bbox 1284 655 1495 732; x_wconf 89' lang='lat' dir='ltr'>traho,</span> <span class='ocrx_word' id='word_1_25' title='bbox 1529 664 1888 739; x_wconf 85' lang='lat' dir='ltr'>vastosque</span> <span class='ocrx_word' id='word_1_26' title='bbox 1919 655 2004 719; x_wconf 92' lang='lat' dir='ltr'>ab</span> <span class='ocrx_word' id='word_1_27' title='bbox 2035 674 2202 737; x_wconf 90' lang='lat' dir='ltr'>rupe</span> <span class='ocrx_word' id='word_1_28' title='bbox 2233 653 2566 740; x_wconf 85' lang='lat' dir='ltr'>Cyclopas</span> 
     </span>
    </p>
   </div>
   <div class='ocr_carea' id='block_1_6' title="bbox 427 981 523 1046">
    <p class='ocr_par' dir='ltr' id='par_1_6' title="bbox 427 981 523 1046">
     <span class='ocr_line' id='line_1_7' title="bbox 427 981 523 1046; baseline 0 -16"><span class='ocrx_word' id='word_1_29' title='bbox 427 981 523 1046; x_wconf 85' lang='lat'>650</span> 
     </span>
    </p>
   </div>
   <div class='ocr_carea' id='block_1_7' title="bbox 599 759 2638 3857">
    <p class='ocr_par' dir='ltr' id='par_1_7' title="bbox 599 759 2638 3857">
     <span class='ocr_line' id='line_1_8' title="bbox 606 759 2475 844; baseline -0.001 -21"><span class='ocrx_word' id='word_1_30' title='bbox 606 759 961 844; x_wconf 91' lang='lat' dir='ltr'>Prospici0,</span> <span class='ocrx_word' id='word_1_31' title='bbox 1000 759 1421 841; x_wconf 92' lang='lat' dir='ltr'>sonitumque</span> <span class='ocrx_word' id='word_1_32' title='bbox 1454 759 1702 842; x_wconf 91' lang='lat' dir='ltr'>pedum</span> <span class='ocrx_word' id='word_1_33' title='bbox 1734 779 2101 841; x_wconf 88' lang='lat' dir='ltr'>vocemque</span> <span class='ocrx_word' id='word_1_34' title='bbox 2128 767 2475 822; x_wconf 89' lang='lat' dir='ltr'>tremesco.</span> 
     </span>
     <span class='ocr_line' id='line_1_9' title="bbox 603 862 2221 946; baseline -0.002 -18"><span class='ocrx_word' id='word_1_35' title='bbox 603 862 873 928; x_wconf 88' lang='lat' dir='ltr'>Victum</span> <span class='ocrx_word' id='word_1_36' title='bbox 907 862 1263 939; x_wconf 83' lang='lat' dir='ltr'><strong>infelicem,</strong></span> <span class='ocrx_word' id='word_1_37' title='bbox 1298 863 1503 927; x_wconf 92' lang='lat' dir='ltr'>bacas</span> <span class='ocrx_word' id='word_1_38' title='bbox 1536 862 1968 946; x_wconf 86' lang='lat' dir='ltr'>lapidosaque</span> <span class='ocrx_word' id='word_1_39' title='bbox 1999 882 2221 939; x_wconf 90' lang='lat' dir='ltr'>corna,</span> 
     </span>
     <span class='ocr_line' id='line_1_10' title="bbox 606 966 2328 1051; baseline 0 -20"><span class='ocrx_word' id='word_1_40' title='bbox 606 967 792 1031; x_wconf 88' lang='lat' dir='ltr'>Dant</span> <span class='ocrx_word' id='word_1_41' title='bbox 822 967 1007 1043; x_wconf 88' lang='lat' dir='ltr'>rami,</span> <span class='ocrx_word' id='word_1_42' title='bbox 1042 976 1111 1031; x_wconf 90' lang='lat' dir='ltr'>et</span> <span class='ocrx_word' id='word_1_43' title='bbox 1142 966 1348 1030; x_wconf 88' lang='lat' dir='ltr'>vulsis</span> <span class='ocrx_word' id='word_1_44' title='bbox 1381 976 1669 1051; x_wconf 90' lang='lat' dir='ltr'>pascunt</span> <span class='ocrx_word' id='word_1_45' title='bbox 1699 966 2032 1031; x_wconf 88' lang='lat' dir='ltr'>radicibus</span> <span class='ocrx_word' id='word_1_46' title='bbox 2062 966 2328 1037; x_wconf 86' lang='lat' dir='ltr'>herbae.</span> 
     </span>
     <span class='ocr_line' id='line_1_11' title="bbox 607 1070 2508 1155; baseline -0.002 -19"><span class='ocrx_word' id='word_1_47' title='bbox 607 1070 855 1136; x_wconf 91' lang='lat' dir='ltr'>Omnia</span> <span class='ocrx_word' id='word_1_48' title='bbox 884 1071 1325 1147; x_wconf 88' lang='lat' dir='ltr'>conlustrans,</span> <span class='ocrx_word' id='word_1_49' title='bbox 1362 1070 1540 1134; x_wconf 92' lang='lat' dir='ltr'>hanc</span> <span class='ocrx_word' id='word_1_50' title='bbox 1572 1070 1858 1155; x_wconf 89' lang='lat' dir='ltr'>primum</span> <span class='ocrx_word' id='word_1_51' title='bbox 1889 1070 1977 1135; x_wconf 89' lang='lat' dir='ltr'>ad</span> <span class='ocrx_word' id='word_1_52' title='bbox 2007 1070 2198 1135; x_wconf 89' lang='lat' dir='ltr'>litora</span> <span class='ocrx_word' id='word_1_53' title='bbox 2228 1071 2508 1135; x_wconf 89' lang='lat' dir='ltr'>classem</span> 
     </span>
     <span class='ocr_line' id='line_1_12' title="bbox 605 1173 2590 1261; baseline -0.003 -19"><span class='ocrx_word' id='word_1_54' title='bbox 605 1176 940 1261; x_wconf 87' lang='lat' dir='ltr'>Conspexi</span> <span class='ocrx_word' id='word_1_55' title='bbox 969 1176 1370 1241; x_wconf 88' lang='lat' dir='ltr'>venientem.</span> <span class='ocrx_word' id='word_1_56' title='bbox 1470 1173 1651 1239; x_wconf 94' lang='lat' dir='ltr'>Huic</span> <span class='ocrx_word' id='word_1_57' title='bbox 1684 1195 1810 1252; x_wconf 90' lang='lat' dir='ltr'>me,</span> <span class='ocrx_word' id='word_1_58' title='bbox 1843 1194 2303 1259; x_wconf 89' lang='lat' dir='ltr'>quaecumque</span> <span class='ocrx_word' id='word_1_59' title='bbox 2333 1173 2590 1250; x_wconf 84' lang='lat' dir='ltr'>fuisset,</span> 
     </span>
     <span class='ocr_line' id='line_1_13' title="bbox 601 1278 2308 1363; baseline -0.001 -19"><span class='ocrx_word' id='word_1_60' title='bbox 601 1280 891 1359; x_wconf 85' lang='lat' dir='ltr'>Addixi;</span> <span class='ocrx_word' id='word_1_61' title='bbox 939 1279 1097 1345; x_wconf 91' lang='lat' dir='ltr'>satis</span> <span class='ocrx_word' id='word_1_62' title='bbox 1129 1288 1233 1345; x_wconf 97' lang='lat' dir='ltr'>est</span> <span class='ocrx_word' id='word_1_63' title='bbox 1265 1289 1539 1363; x_wconf 85' lang='lat' dir='ltr'>gentem</span> <span class='ocrx_word' id='word_1_64' title='bbox 1572 1280 1894 1362; x_wconf 87' lang='lat' dir='ltr'>effugisse</span> <span class='ocrx_word' id='word_1_65' title='bbox 1924 1278 2308 1343; x_wconf 84' lang='lat' dir='ltr'>nefandam.</span> 
     </span>
     <span class='ocr_line' id='line_1_14' title="bbox 601 1366 2575 1469; baseline -0.003 -19"><span class='ocrx_word' id='word_1_66' title='bbox 601 1384 746 1450; x_wconf 91' lang='lat' dir='ltr'>Vos</span> <span class='ocrx_word' id='word_1_67' title='bbox 776 1385 1066 1448; x_wconf 91' lang='lat' dir='ltr'>animam</span> <span class='ocrx_word' id='word_1_68' title='bbox 1099 1384 1275 1449; x_wconf 91' lang='lat' dir='ltr'>hanc</span> <span class='ocrx_word' id='word_1_69' title='bbox 1309 1383 1533 1469; x_wconf 89' lang='lat' dir='ltr'>potius</span> <span class='ocrx_word' id='word_1_70' title='bbox 1567 1403 1988 1467; x_wconf 94' lang='lat' dir='ltr'>quocumque</span> <span class='ocrx_word' id='word_1_71' title='bbox 2019 1382 2348 1447; x_wconf 89' lang='lat' dir='ltr'>absumite</span> <span class='ocrx_word' id='word_1_72' title='bbox 2379 1366 2575 1446; x_wconf 81' lang='lat' dir='ltr'>leto.&#39;&#39;</span> 
     </span>
     <span class='ocr_line' id='line_1_15' title="bbox 690 1486 2417 1566; baseline -0.003 -13"><span class='ocrx_word' id='word_1_73' title='bbox 690 1488 822 1554; x_wconf 88' lang='lat' dir='ltr'>Vix</span> <span class='ocrx_word' id='word_1_74' title='bbox 852 1507 936 1553; x_wconf 88' lang='lat' dir='ltr'>ea</span> <span class='ocrx_word' id='word_1_75' title='bbox 965 1488 1148 1553; x_wconf 84' lang='lat' dir='ltr'>fatus</span> <span class='ocrx_word' id='word_1_76' title='bbox 1179 1498 1341 1566; x_wconf 84' lang='lat' dir='ltr'>erat,</span> <span class='ocrx_word' id='word_1_77' title='bbox 1379 1508 1641 1553; x_wconf 91' lang='lat' dir='ltr'>summo</span> <span class='ocrx_word' id='word_1_78' title='bbox 1674 1508 1825 1552; x_wconf 91' lang='lat' dir='ltr'>cum</span> <span class='ocrx_word' id='word_1_79' title='bbox 1857 1496 2084 1552; x_wconf 89' lang='lat' dir='ltr'>monte</span> <span class='ocrx_word' id='word_1_80' title='bbox 2113 1486 2417 1552; x_wconf 88' lang='lat' dir='ltr'>videmus</span> 
     </span>
     <span class='ocr_line' id='line_1_16' title="bbox 606 1591 2316 1678; baseline -0.001 -23"><span class='ocrx_word' id='word_1_81' title='bbox 606 1592 838 1675; x_wconf 79' lang='lat' dir='ltr'>Ipsum</span> <span class='ocrx_word' id='word_1_82' title='bbox 870 1591 1044 1657; x_wconf 84' lang='lat' dir='ltr'>inter</span> <span class='ocrx_word' id='word_1_83' title='bbox 1075 1592 1368 1678; x_wconf 91' lang='lat' dir='ltr'>pecudes</span> <span class='ocrx_word' id='word_1_84' title='bbox 1400 1601 1594 1656; x_wconf 87' lang='lat' dir='ltr'>vasta</span> <span class='ocrx_word' id='word_1_85' title='bbox 1626 1611 1699 1656; x_wconf 97' lang='lat' dir='ltr'>se</span> <span class='ocrx_word' id='word_1_86' title='bbox 1730 1592 1905 1657; x_wconf 93' lang='lat' dir='ltr'>mole</span> <span class='ocrx_word' id='word_1_87' title='bbox 1936 1601 2316 1657; x_wconf 79' lang='lat' dir='ltr'>moventem</span> 
     </span>
     <span class='ocr_line' id='line_1_17' title="bbox 607 1695 2380 1783; baseline -0.001 -23"><span class='ocrx_word' id='word_1_88' title='bbox 607 1695 950 1761; x_wconf 90' lang='lat' dir='ltr'>Pastorem</span> <span class='ocrx_word' id='word_1_89' title='bbox 985 1696 1471 1783; x_wconf 91' lang='lat' dir='ltr'>Polyphemum</span> <span class='ocrx_word' id='word_1_90' title='bbox 1506 1706 1577 1761; x_wconf 92' lang='lat' dir='ltr'>et</span> <span class='ocrx_word' id='word_1_91' title='bbox 1606 1696 1800 1761; x_wconf 91' lang='lat' dir='ltr'>litora</span> <span class='ocrx_word' id='word_1_92' title='bbox 1832 1705 1991 1761; x_wconf 89' lang='lat' dir='ltr'>nota</span> <span class='ocrx_word' id='word_1_93' title='bbox 2022 1704 2380 1781; x_wconf 90' lang='lat' dir='ltr'>petentem,</span> 
     </span>
     <span class='ocr_line' id='line_1_18' title="bbox 608 1798 2638 1883; baseline -0.001 -19"><span class='ocrx_word' id='word_1_94' title='bbox 608 1801 988 1864; x_wconf 89' lang='lat' dir='ltr'>Monstrum</span> <span class='ocrx_word' id='word_1_95' title='bbox 1051 1800 1476 1877; x_wconf 89' lang='lat' dir='ltr'>horrendum,</span> <span class='ocrx_word' id='word_1_96' title='bbox 1539 1799 1847 1877; x_wconf 87' lang='lat' dir='ltr'>informe,</span> <span class='ocrx_word' id='word_1_97' title='bbox 1906 1801 2168 1883; x_wconf 88' lang='lat' dir='ltr'>ingens,</span> <span class='ocrx_word' id='word_1_98' title='bbox 2230 1798 2340 1864; x_wconf 90' lang='lat' dir='ltr'>cui</span> <span class='ocrx_word' id='word_1_99' title='bbox 2413 1799 2638 1862; x_wconf 88' lang='lat' dir='ltr'>lumen</span> 
     </span>
     <span class='ocr_line' id='line_1_19' title="bbox 779 1903 1184 1987; baseline 0 -19"><span class='ocrx_word' id='word_1_100' title='bbox 779 1903 1184 1987; x_wconf 90' lang='lat' dir='ltr'>ademptum.</span> 
     </span>
     <span class='ocr_line' id='line_1_20' title="bbox 604 2006 2245 2093; baseline 0.001 -22"><span class='ocrx_word' id='word_1_101' title='bbox 604 2007 874 2072; x_wconf 89' lang='lat' dir='ltr'>Trunca</span> <span class='ocrx_word' id='word_1_102' title='bbox 906 2028 1108 2071; x_wconf 91' lang='lat' dir='ltr'>manu</span> <span class='ocrx_word' id='word_1_103' title='bbox 1125 2006 1342 2093; x_wconf 70' lang='lat' dir='ltr'>=-pinus</span> <span class='ocrx_word' id='word_1_104' title='bbox 1372 2008 1549 2090; x_wconf 87' lang='lat' dir='ltr'>regit</span> <span class='ocrx_word' id='word_1_105' title='bbox 1577 2017 1646 2073; x_wconf 91' lang='lat' dir='ltr'>et</span> <span class='ocrx_word' id='word_1_106' title='bbox 1673 2006 1958 2091; x_wconf 88' lang='lat' dir='ltr'>vestigia</span> <span class='ocrx_word' id='word_1_107' title='bbox 1988 2007 2245 2086; x_wconf 79' lang='lat' dir='ltr'>firmat;</span> 
     </span>
     <span class='ocr_line' id='line_1_21' title="bbox 606 2110 2289 2197; baseline 0.001 -21"><span class='ocrx_word' id='word_1_108' title='bbox 606 2110 983 2195; x_wconf 91' lang='lat' dir='ltr'>Lanigerae</span> <span class='ocrx_word' id='word_1_109' title='bbox 1015 2113 1415 2177; x_wconf 91' lang='lat' dir='ltr'>comitantur</span> <span class='ocrx_word' id='word_1_110' title='bbox 1444 2132 1645 2191; x_wconf 89' lang='lat' dir='ltr'>oves;</span> <span class='ocrx_word' id='word_1_111' title='bbox 1693 2131 1777 2177; x_wconf 87' lang='lat' dir='ltr'>ea</span> <span class='ocrx_word' id='word_1_112' title='bbox 1806 2111 1951 2177; x_wconf 90' lang='lat' dir='ltr'>sola</span> <span class='ocrx_word' id='word_1_113' title='bbox 1978 2112 2289 2197; x_wconf 87' lang='lat' dir='ltr'>voluptas</span> 
     </span>
     <span class='ocr_line' id='line_1_22' title="bbox 606 2215 1261 2300; baseline -0.002 -19"><span class='ocrx_word' id='word_1_114' title='bbox 606 2215 1056 2300; x_wconf 91' lang='lat' dir='ltr'>Solamenque</span> <span class='ocrx_word' id='word_1_115' title='bbox 1087 2216 1261 2281; x_wconf 88' lang='lat' dir='ltr'>mali.</span> 
     </span>
     <span class='ocr_line' id='line_1_23' title="bbox 607 2319 2460 2405; baseline -0.001 -21"><span class='ocrx_word' id='word_1_116' title='bbox 607 2320 965 2403; x_wconf 92' lang='lat' dir='ltr'>Postquam</span> <span class='ocrx_word' id='word_1_117' title='bbox 999 2319 1169 2383; x_wconf 92' lang='lat' dir='ltr'>altos</span> <span class='ocrx_word' id='word_1_118' title='bbox 1197 2320 1419 2403; x_wconf 87' lang='lat' dir='ltr'>tetigit</span> <span class='ocrx_word' id='word_1_119' title='bbox 1448 2320 1692 2385; x_wconf 89' lang='lat' dir='ltr'>fluctus</span> <span class='ocrx_word' id='word_1_120' title='bbox 1724 2331 1793 2386; x_wconf 92' lang='lat' dir='ltr'>et</span> <span class='ocrx_word' id='word_1_121' title='bbox 1822 2320 1910 2385; x_wconf 91' lang='lat' dir='ltr'>ad</span> <span class='ocrx_word' id='word_1_122' title='bbox 1941 2340 2230 2405; x_wconf 90' lang='lat' dir='ltr'>aequora</span> <span class='ocrx_word' id='word_1_123' title='bbox 2257 2320 2460 2397; x_wconf 84' lang='lat' dir='ltr'>venit,</span> 
     </span>
     <span class='ocr_line' id='line_1_24' title="bbox 607 2422 2216 2501; baseline 0 -14"><span class='ocrx_word' id='word_1_124' title='bbox 607 2422 911 2487; x_wconf 89' lang='lat' dir='ltr'>Luminis</span> <span class='ocrx_word' id='word_1_125' title='bbox 941 2423 1479 2488; x_wconf 88' lang='lat' dir='ltr'>effossi-fluidum</span> <span class='ocrx_word' id='word_1_126' title='bbox 1514 2424 1675 2488; x_wconf 91' lang='lat' dir='ltr'>lavit</span> <span class='ocrx_word' id='word_1_127' title='bbox 1704 2425 1860 2500; x_wconf 86' lang='lat' dir='ltr'>inde</span> <span class='ocrx_word' id='word_1_128' title='bbox 1892 2444 2216 2501; x_wconf 90' lang='lat' dir='ltr'>cruorem,</span> 
     </span>
     <span class='ocr_line' id='line_1_25' title="bbox 606 2526 2570 2615; baseline -0.001 -23"><span class='ocrx_word' id='word_1_129' title='bbox 606 2526 939 2592; x_wconf 91' lang='lat' dir='ltr'>Dentibus</span> <span class='ocrx_word' id='word_1_130' title='bbox 968 2527 1364 2591; x_wconf 83' lang='lat' dir='ltr'>infrendens</span> <span class='ocrx_word' id='word_1_131' title='bbox 1396 2528 1670 2615; x_wconf 87' lang='lat' dir='ltr'>gemitu,</span> <span class='ocrx_word' id='word_1_132' title='bbox 1707 2528 2138 2612; x_wconf 87' lang='lat' dir='ltr'>graditurque</span> <span class='ocrx_word' id='word_1_133' title='bbox 2171 2548 2294 2612; x_wconf 93' lang='lat' dir='ltr'>per</span> <span class='ocrx_word' id='word_1_134' title='bbox 2322 2548 2570 2611; x_wconf 90' lang='lat' dir='ltr'>aequor</span> 
     </span>
     <span class='ocr_line' id='line_1_26' title="bbox 604 2630 2415 2706; baseline 0 -11"><span class='ocrx_word' id='word_1_135' title='bbox 604 2631 751 2695; x_wconf 93' lang='lat' dir='ltr'>Iam</span> <span class='ocrx_word' id='word_1_136' title='bbox 785 2630 1096 2706; x_wconf 89' lang='lat' dir='ltr'>medium,</span> <span class='ocrx_word' id='word_1_137' title='bbox 1132 2631 1417 2695; x_wconf 92' lang='lat' dir='ltr'>necdum</span> <span class='ocrx_word' id='word_1_138' title='bbox 1451 2631 1694 2695; x_wconf 91' lang='lat' dir='ltr'>fluctus</span> <span class='ocrx_word' id='word_1_139' title='bbox 1726 2631 1936 2695; x_wconf 91' lang='lat' dir='ltr'>latera</span> <span class='ocrx_word' id='word_1_140' title='bbox 1967 2632 2175 2695; x_wconf 88' lang='lat' dir='ltr'>ardua</span> <span class='ocrx_word' id='word_1_141' title='bbox 2203 2631 2415 2696; x_wconf 87' lang='lat' dir='ltr'>tinxit.</span> 
     </span>
     <span class='ocr_line' id='line_1_27' title="bbox 606 2733 2390 2818; baseline 0.001 -20"><span class='ocrx_word' id='word_1_142' title='bbox 606 2735 750 2798; x_wconf 93' lang='lat' dir='ltr'>Nos</span> <span class='ocrx_word' id='word_1_143' title='bbox 783 2733 1012 2816; x_wconf 93' lang='lat' dir='ltr'>procul</span> <span class='ocrx_word' id='word_1_144' title='bbox 1042 2734 1200 2798; x_wconf 94' lang='lat' dir='ltr'>inde</span> <span class='ocrx_word' id='word_1_145' title='bbox 1233 2734 1466 2816; x_wconf 88' lang='lat' dir='ltr'>fugam</span> <span class='ocrx_word' id='word_1_146' title='bbox 1498 2735 1742 2818; x_wconf 90' lang='lat' dir='ltr'>trepidi</span> <span class='ocrx_word' id='word_1_147' title='bbox 1773 2735 2084 2812; x_wconf 87' lang='lat' dir='ltr'>celerare,</span> <span class='ocrx_word' id='word_1_148' title='bbox 2117 2745 2390 2818; x_wconf 91' lang='lat' dir='ltr'>recepto</span> 
     </span>
     <span class='ocr_line' id='line_1_28' title="bbox 604 2837 2316 2922; baseline -0.001 -19"><span class='ocrx_word' id='word_1_149' title='bbox 604 2837 923 2922; x_wconf 91' lang='lat' dir='ltr'>Supplice</span> <span class='ocrx_word' id='word_1_150' title='bbox 955 2839 1050 2902; x_wconf 92' lang='lat' dir='ltr'>sic</span> <span class='ocrx_word' id='word_1_151' title='bbox 1081 2837 1333 2913; x_wconf 87' lang='lat' dir='ltr'>merit0,</span> <span class='ocrx_word' id='word_1_152' title='bbox 1370 2838 1689 2922; x_wconf 88' lang='lat' dir='ltr'>tacitique</span> <span class='ocrx_word' id='word_1_153' title='bbox 1721 2838 2013 2903; x_wconf 91' lang='lat' dir='ltr'>incidere</span> <span class='ocrx_word' id='word_1_154' title='bbox 2044 2839 2316 2917; x_wconf 81' lang='lat' dir='ltr'>funem3</span> 
     </span>
     <span class='ocr_line' id='line_1_29' title="bbox 601 2940 2284 3027; baseline 0 -19"><span class='ocrx_word' id='word_1_155' title='bbox 601 2942 946 3008; x_wconf 89' lang='lat' dir='ltr'>Verrimus</span> <span class='ocrx_word' id='word_1_156' title='bbox 977 2950 1044 3005; x_wconf 91' lang='lat' dir='ltr'>et</span> <span class='ocrx_word' id='word_1_157' title='bbox 1077 2940 1270 3024; x_wconf 90' lang='lat' dir='ltr'>proni</span> <span class='ocrx_word' id='word_1_158' title='bbox 1299 2943 1714 3008; x_wconf 89' lang='lat' dir='ltr'>certantibus</span> <span class='ocrx_word' id='word_1_159' title='bbox 1745 2963 2037 3027; x_wconf 88' lang='lat' dir='ltr'>aequora</span> <span class='ocrx_word' id='word_1_160' title='bbox 2067 2943 2284 3008; x_wconf 79' lang='lat' dir='ltr'>remis.</span> 
     </span>
     <span class='ocr_line' id='line_1_30' title="bbox 602 3044 2215 3129; baseline 0 -19"><span class='ocrx_word' id='word_1_161' title='bbox 602 3044 847 3121; x_wconf 86' lang='lat' dir='ltr'>Sensit,</span> <span class='ocrx_word' id='word_1_162' title='bbox 881 3053 949 3108; x_wconf 90' lang='lat' dir='ltr'>et</span> <span class='ocrx_word' id='word_1_163' title='bbox 979 3044 1065 3108; x_wconf 91' lang='lat' dir='ltr'>ad</span> <span class='ocrx_word' id='word_1_164' title='bbox 1096 3045 1384 3109; x_wconf 92' lang='lat' dir='ltr'>sonitum</span> <span class='ocrx_word' id='word_1_165' title='bbox 1416 3046 1602 3111; x_wconf 92' lang='lat' dir='ltr'>vocis</span> <span class='ocrx_word' id='word_1_166' title='bbox 1631 3047 1915 3129; x_wconf 88' lang='lat' dir='ltr'>vestigia</span> <span class='ocrx_word' id='word_1_167' title='bbox 1945 3048 2152 3111; x_wconf 87' lang='lat' dir='ltr'>torsit.</span> <span class='ocrx_word' id='word_1_168' title='bbox 2207 3062 2215 3067; x_wconf 76' lang='grc'><em>·</em></span> 
     </span>
     <span class='ocr_line' id='line_1_31' title="bbox 599 3148 2433 3234; baseline 0 -20"><span class='ocrx_word' id='word_1_169' title='bbox 599 3148 851 3214; x_wconf 91' lang='lat' dir='ltr'>Verum</span> <span class='ocrx_word' id='word_1_170' title='bbox 884 3148 999 3212; x_wconf 91' lang='lat' dir='ltr'>ubi</span> <span class='ocrx_word' id='word_1_171' title='bbox 1030 3148 1213 3212; x_wconf 91' lang='lat' dir='ltr'>nulla</span> <span class='ocrx_word' id='word_1_172' title='bbox 1245 3149 1442 3214; x_wconf 92' lang='lat' dir='ltr'>datur</span> <span class='ocrx_word' id='word_1_173' title='bbox 1471 3149 1707 3214; x_wconf 89' lang='lat' dir='ltr'>dextra</span> <span class='ocrx_word' id='word_1_174' title='bbox 1739 3151 2081 3216; x_wconf 88' lang='lat' dir='ltr'>adfectare</span> <span class='ocrx_word' id='word_1_175' title='bbox 2111 3159 2433 3234; x_wconf 79' lang='lat' dir='ltr'>potestaS,</span> 
     </span>
     <span class='ocr_line' id='line_1_32' title="bbox 604 3251 2243 3338; baseline 0.002 -23"><span class='ocrx_word' id='word_1_176' title='bbox 604 3252 750 3316; x_wconf 93' lang='lat' dir='ltr'>Nec</span> <span class='ocrx_word' id='word_1_177' title='bbox 780 3251 957 3335; x_wconf 92' lang='lat' dir='ltr'>potis</span> <span class='ocrx_word' id='word_1_178' title='bbox 993 3253 1218 3317; x_wconf 90' lang='lat' dir='ltr'>Ionios</span> <span class='ocrx_word' id='word_1_179' title='bbox 1251 3252 1493 3318; x_wconf 85' lang='lat' dir='ltr'>fluctus</span> <span class='ocrx_word' id='word_1_180' title='bbox 1525 3274 1812 3337; x_wconf 88' lang='lat' dir='ltr'>aequare</span> <span class='ocrx_word' id='word_1_181' title='bbox 1845 3255 2205 3338; x_wconf 92' lang='lat' dir='ltr'>sequendo,</span> <span class='ocrx_word' id='word_1_182' title='bbox 2235 3267 2243 3275; x_wconf 83' lang='lat'>&#39;</span> 
     </span>
     <span class='ocr_line' id='line_1_33' title="bbox 601 3355 2442 3441; baseline 0.001 -19"><span class='ocrx_word' id='word_1_183' title='bbox 601 3355 979 3422; x_wconf 87' lang='lat' dir='ltr'>Clamorem</span> <span class='ocrx_word' id='word_1_184' title='bbox 1011 3356 1409 3421; x_wconf 92' lang='lat' dir='ltr'>immensum</span> <span class='ocrx_word' id='word_1_185' title='bbox 1442 3357 1630 3434; x_wconf 91' lang='lat' dir='ltr'>tollit,</span> <span class='ocrx_word' id='word_1_186' title='bbox 1665 3379 1797 3441; x_wconf 61' lang='lat' dir='ltr'>quo</span> <span class='ocrx_word' id='word_1_187' title='bbox 1830 3368 2076 3441; x_wconf 92' lang='lat' dir='ltr'>pontus</span> <span class='ocrx_word' id='word_1_188' title='bbox 2108 3368 2176 3422; x_wconf 92' lang='lat' dir='ltr'>et</span> <span class='ocrx_word' id='word_1_189' title='bbox 2205 3378 2442 3423; x_wconf 91' lang='lat' dir='ltr'>omnes</span> 
     </span>
     <span class='ocr_line' id='line_1_34' title="bbox 599 3460 2359 3545; baseline 0 -19"><span class='ocrx_word' id='word_1_190' title='bbox 599 3460 1081 3526; x_wconf 91' lang='lat' dir='ltr'>Contremuere</span> <span class='ocrx_word' id='word_1_191' title='bbox 1113 3461 1351 3537; x_wconf 86' lang='lat' dir='ltr'>undae,</span> <span class='ocrx_word' id='word_1_192' title='bbox 1386 3464 1788 3545; x_wconf 91' lang='lat' dir='ltr'>penitusque</span> <span class='ocrx_word' id='word_1_193' title='bbox 1818 3462 2131 3527; x_wconf 87' lang='lat' dir='ltr'>exterrita</span> <span class='ocrx_word' id='word_1_194' title='bbox 2161 3462 2359 3526; x_wconf 92' lang='lat' dir='ltr'>tellus</span> 
     </span>
     <span class='ocr_line' id='line_1_35' title="bbox 603 3564 2214 3647; baseline 0.001 -20"><span class='ocrx_word' id='word_1_195' title='bbox 603 3564 858 3641; x_wconf 87' lang='lat' dir='ltr'>Italiae,</span> <span class='ocrx_word' id='word_1_196' title='bbox 891 3565 1241 3647; x_wconf 91' lang='lat' dir='ltr'>curvisque</span> <span class='ocrx_word' id='word_1_197' title='bbox 1273 3564 1603 3647; x_wconf 90' lang='lat' dir='ltr'>immugiit</span> <span class='ocrx_word' id='word_1_198' title='bbox 1636 3567 1864 3630; x_wconf 91' lang='lat' dir='ltr'>Aetna</span> <span class='ocrx_word' id='word_1_199' title='bbox 1895 3566 2214 3631; x_wconf 89' lang='lat' dir='ltr'>cavernis.</span> 
     </span>
     <span class='ocr_line' id='line_1_36' title="bbox 686 3667 2373 3753; baseline 0.001 -21"><span class='ocrx_word' id='word_1_200' title='bbox 686 3669 786 3732; x_wconf 89' lang='lat' dir='ltr'>At</span> <span class='ocrx_word' id='word_1_201' title='bbox 817 3689 1033 3751; x_wconf 90' lang='lat' dir='ltr'>genus</span> <span class='ocrx_word' id='word_1_202' title='bbox 1065 3689 1102 3732; x_wconf 94' lang='lat' dir='ltr'>e</span> <span class='ocrx_word' id='word_1_203' title='bbox 1135 3667 1316 3732; x_wconf 86' lang='lat' dir='ltr'>silvis</span> <span class='ocrx_word' id='word_1_204' title='bbox 1349 3668 1719 3753; x_wconf 92' lang='lat' dir='ltr'>Cyclopum</span> <span class='ocrx_word' id='word_1_205' title='bbox 1752 3681 1818 3735; x_wconf 91' lang='lat' dir='ltr'>et</span> <span class='ocrx_word' id='word_1_206' title='bbox 1851 3670 2188 3734; x_wconf 89' lang='lat' dir='ltr'>montibus</span> <span class='ocrx_word' id='word_1_207' title='bbox 2219 3669 2373 3735; x_wconf 88' lang='lat' dir='ltr'>altis</span> 
     </span>
     <span class='ocr_line' id='line_1_37' title="bbox 603 3772 2171 3857; baseline 0 -20"><span class='ocrx_word' id='word_1_208' title='bbox 603 3772 910 3837; x_wconf 90' lang='lat' dir='ltr'>Excitum</span> <span class='ocrx_word' id='word_1_209' title='bbox 944 3774 1076 3835; x_wconf 91' lang='lat' dir='ltr'>ruit</span> <span class='ocrx_word' id='word_1_210' title='bbox 1108 3772 1193 3835; x_wconf 92' lang='lat' dir='ltr'>ad</span> <span class='ocrx_word' id='word_1_211' title='bbox 1226 3781 1459 3855; x_wconf 80' lang='lat' dir='ltr'>portus</span> <span class='ocrx_word' id='word_1_212' title='bbox 1490 3782 1559 3839; x_wconf 80' lang='lat' dir='ltr'>et</span> <span class='ocrx_word' id='word_1_213' title='bbox 1590 3773 1778 3836; x_wconf 90' lang='lat' dir='ltr'>litora</span> <span class='ocrx_word' id='word_1_214' title='bbox 1812 3773 2171 3857; x_wconf 89' lang='lat' dir='ltr'>complent.</span> 
     </span>
    </p>
   </div>
  </div>
 </body>
</html>
