3015 4288
1122 253 1441 309 VERGILI
1494 255 1656 309 AEN
1662 253 1895 310 EIDOS

482 452 492 462 ·
588 431 897 516 Excipit?
942 442 1060 498 aut
1090 452 1266 516 quae
1294 432 1500 515 digna
1531 432 1693 496 satis
1724 433 1994 496 fortuna
2024 429 2293 496 revisit?

409 665 506 720 320

410 1182 506 1238 325

413 2222 507 2275 335

417 3254 511 3310 ³⁴5

419 3771 513 3831 350

588 535 902 600 Hectoris
935 537 1432 613 Andromache,
1469 536 1769 623 Pyrrhin'
1802 535 2087 601 conubia
2119 554 2347 599 servas
2366 533 2392 599 ἶ
2410 533 2449 562 ”

673 639 937 704 Deiecit
965 641 1223 703 vultum
1252 649 1323 706 et
1351 639 1643 704 demissa
1671 660 1837 704 voce
1868 641 2089 704 locuta
2118 648 2259 704 est:

585 747 626 776 “
646 741 710 808 O
743 741 904 807 felix
935 762 1069 807 una
1098 753 1255 807 ante
1286 743 1451 808 alias
1486 743 1811 808 Priameia
1840 743 2047 826 virg0,

588 846 924 911 Hostilem
955 847 1042 911 ad
1073 847 1405 911 tumulum
1435 847 1681 913 Troiae
1712 846 1837 912 sub
1860 846 2212 912 moenibus
2242 846 2395 911 altis

589 951 785 1015 Iussa
815 950 999 1028 mori,
1033 971 1207 1035 quae
1239 950 1512 1015 sortitus
1543 972 1679 1015 non
1712 951 1985 1035 pertulit
2016 952 2206 1028 ullos,

588 1054 735 1119 Nec
764 1053 1035 1119 victoris
1065 1054 1160 1118 eri
1189 1056 1410 1137 tetigit
1440 1054 1709 1138 captiva
1738 1054 1993 1120 cubile!

589 1158 748 1235 Nos,
784 1157 998 1241 patria
1029 1158 1321 1233 incensa,
1356 1156 1622 1223 diverSa
1653 1179 1775 1243 per
1804 1179 2096 1242 aequora
2125 1167 2379 1235 vectae,

587 1260 828 1345 Stirpis
859 1261 1211 1326 Achilleae
1235 1262 1453 1326 fastus
1482 1263 1926 1346 iuvenemque
1958 1262 2340 1345 superbum,

590 1363 878 1430 Servitio
907 1366 1160 1443 enixae,
1193 1364 1506 1443 tulimus;
1554 1367 1669 1449 qui
1700 1365 1962 1442 deinde,
1997 1375 2267 1430 secutus

589 1468 926 1533 Ledaeam
962 1469 1379 1534 Hermionen
1414 1469 2117 1552 Lacedaemoniosque
2149 1471 2578 1555 hymenaeos,

590 1573 709 1636 Me
746 1572 1001 1636 famulo
1032 1572 1487 1656 famulamque
1523 1574 1790 1638 Heleno
1826 1573 2193 1637 transmisit
2224 1571 2619 1638 habendam.

589 1675 724 1739 Ast
754 1675 957 1753 illum,
991 1685 1264 1761 ereptae
1296 1697 1545 1759 magno
1576 1676 2027 1741 inflammatus
2057 1695 2282 1740 amore

589 1779 911 1861 Coniugis
942 1789 1010 1843 et
1041 1779 1368 1845 scelerum
1404 1779 1625 1844 Furiis
1656 1779 1949 1862 agitatus
1982 1780 2260 1845 Orestes

593 1881 859 1965 Excipit
887 1884 1228 1947 incautum
1261 1883 1645 1968 patriasque
1676 1883 2029 1948 obtruncat
2060 1883 2146 1948 ad
2176 1903 2349 1948 aras.

591 1988 811 2051 Morte
846 1987 1276 2070 Neoptolemi
1305 2007 1664 2070 regnorum
1696 1986 1956 2051 reddita
1986 1987 2185 2052 cessit

591 2091 751 2156 Pars
785 2091 1070 2169 Helen0,
1105 2090 1220 2176 qui
1250 2090 1591 2158 Chaonios
1622 2091 2022 2175 cognomine
2053 2111 2329 2175 campos

590 2195 1096 2278 Chaoniamque
1127 2216 1395 2261 omnem
1429 2195 1722 2260 Troiano
1754 2216 1796 2259 a
1828 2196 2106 2262 Chaone
2137 2195 2318 2272 dixit,

591 2299 1049 2383 Pergamaque
1084 2298 1492 2383 Iliacamque
1521 2298 1697 2382 iugis
1729 2299 1904 2364 hanc
1937 2299 2190 2363 addidit
2220 2318 2461 2364 arcem.

590 2402 726 2468 Sed
756 2401 878 2466 tibi
907 2404 1022 2486 qui
1053 2422 1320 2467 cursum
1350 2402 1553 2480 venti,
1588 2422 1761 2487 quae
1792 2403 1939 2467 fata
1968 2402 2262 2467 dedere?

590 2506 735 2569 Aut
765 2507 1070 2590 quisnam
1102 2506 1408 2588 ignarum
1441 2505 1688 2570 nostris
1718 2506 1886 2570 deus
1916 2505 2177 2588 appulit
2206 2504 2384 2570 oris?

591 2609 772 2692 Quid
804 2629 970 2693 puer
1001 2609 1383 2674 Ascanius?
1431 2618 1794 2693 superatne
1826 2619 1896 2674 et
1923 2610 2216 2674 vescitur
2244 2628 2426 2688 aura,

589 2712 811 2796 Quem
843 2712 964 2777 tibi
993 2712 1127 2776 iam
1157 2714 1361 2777 Troia
1376 2749 1467 2760 —

592 2817 826 2899 Ecqua
854 2825 1082 2880 tamen
1114 2836 1323 2900 puero
1355 2827 1460 2882 est
1489 2817 1778 2881 amissae
1807 2835 1970 2881 cura
1999 2815 2343 2900 parentis?

593 2919 854 3003 Ecquid
883 2921 954 2984 in
986 2919 1331 3003 antiquam
1355 2919 1668 2984 virtutem
1702 2919 2094 3003 animosque
2123 2919 2348 2986 viriles

593 3022 684 3086 Et
714 3032 906 3105 pater
936 3023 1212 3088 Aeneas
1243 3033 1310 3089 et
1342 3023 1712 3088 avunculus
1743 3023 1987 3087 excitat
2022 3022 2324 3088 Hector?
2344 3021 2382 3051 ”

675 3125 870 3190 Talia
900 3126 1229 3191 fundebat
1260 3127 1618 3192 lacrimans
1649 3126 2022 3210 longosque
2053 3127 2272 3192 ciebat

598 3229 948 3294 Incassum
980 3230 1192 3308 fletus,
1227 3251 1379 3296 cum
1412 3251 1563 3296 sese
1594 3251 1635 3296 a
1666 3230 2018 3295 moenibus
2050 3232 2249 3296 heros

595 3332 956 3400 Priamides
988 3335 1212 3400 multis
1247 3336 1555 3401 Helenus
1587 3335 2061 3401 comitantibus
2093 3334 2333 3412 adfert,

592 3433 1101 3517 Adgnoscitque
1135 3455 1309 3512 suoS,
1345 3436 1692 3519 laetusque
1727 3437 1810 3500 ad
1844 3435 2072 3498 limina
2102 3434 2303 3511 ducit,

597 3536 684 3599 Et
718 3538 995 3601 multum
1027 3537 1333 3602 lacrimas
1365 3540 1572 3603 verba
1601 3542 1775 3604 inter
1806 3539 2072 3621 singula
2103 3537 2343 3602 fundit.

596 3640 908 3716 Proced0,
943 3651 1010 3706 et
1043 3663 1317 3723 parvam
1350 3643 1622 3707 Troiam
1657 3643 2097 3725 simulataque
2131 3642 2394 3723 magnis

596 3746 924 3834 Pergama
954 3756 1021 3810 et
1051 3757 1352 3816 arentem
1385 3748 1642 3816 Xanthi
1672 3748 2069 3833 cognomine
2098 3746 2314 3815 rivum
