3015 4288
1136 271 1371 322 LIBER
1422 269 1835 324 SECUNDUS
2242 269 2251 277 ·
2346 232 2348 234 ’
2513 264 2601 343 67

550 448 995 514 Attollentem
1026 456 1160 514 ires
1191 458 1261 515 et
1289 451 1558 514 caerula
1588 450 1761 514 colla
1791 460 2202 529 tumentem;

552 553 758 617 Haud
791 573 983 617 secus
1015 553 1421 636 Androgees
1452 561 1600 617 visfi
1633 556 2071 619 tremefactus
2102 555 2346 619 abibat.

638 658 993 733 Inruimus,
1027 658 1254 722 densis
1285 667 1354 722 et
1383 659 1986 723 circumfundimur
2016 669 2237 737 armis,

526 762 966 846 {gneresque
1000 762 1127 825 loci
1158 761 1408 845 passim
1440 771 1511 826 et
1541 763 1899 826 formidine
1930 771 2166 846 captes

371 877 465 945 385
549 864 940 930 Sternimus.
1037 865 1368 948 Adspirat
1398 874 1616 950 prime
1649 867 1922 931 fortfina
1953 867 2179 932 laberi.

546 969 776 1053 Atque
807 970 916 1035 hic
948 977 1264 1034 successu
1296 971 1639 1034 exsultens
1672 972 2043 1055 animisque
2086 970 2431 1037 Coroebus

548 1078 588 1106 “
612 1058 676 1138 ὃ
708 1073 888 1151 socii,
923 1081 1058 1157 que,
1087 1073 1359 1157 prima·’'
1395 1074 1611 1158 inquit
1647 1080 1685 1108 “
1704 1075 1977 1139 forti-ma
2008 1075 2242 1139 salfitis

549 1178 883 1242 Menstrat
913 1177 1057 1255 iter,
1092 1185 1357 1261 queque
1388 1179 1684 1242 ostendit
1714 1187 1788 1243 se
1819 1179 2069 1256 dextra,
2105 1187 2499 1263 sequemur;

548 1282 892 1345 Mfitemus
923 1281 1193 1365 clipeos,
1233 1282 1685 1366 Danaumque
1716 1283 2007 1365 insignia
2039 1283 2231 1346 nebis

363 1412 462 1465 390
547 1386 903 1467 AptemuS.
1002 1385 1221 1450 Dolus
1253 1406 1339 1449 an
1371 1386 1603 1463 vim-15,
1638 1388 1787 1470 quis
1818 1387 1886 1451 in
1926 1388 2118 1451 hoste
2149 1386 2486 1471 requirat?

541 1490 759 1554 Arma
790 1490 1048 1554 dabunt
1078 1490 1269 1574 ipsi.''
1370 1491 1480 1556 Sic
1515 1492 1715 1568 fetuS,
1751 1491 1997 1555 deinde
2029 1500 2405 1556 comantem

541 1594 896 1676 Androgei
925 1593 1191 1676 galeam
1222 1593 1555 1678 clipeique
1587 1605 1850 1677 insigne
1884 1596 2199 1659 decerum

544 1699 870 1773 Induitur,
905 1699 1229 1782 laterique
1261 1699 1597 1782 Argivum
1630 1700 2092 1763 accommodat
2123 1707 2370 1764 ensem.

544 1803 698 1866 Hec
735 1803 1059 1885 RipheuS,
1095 1803 1222 1884 hec
1251 1804 1400 1885 ipse
1437 1803 1696 1888 Dymes
1729 1806 2082 1886 omnisque
2112 1806 2425 1868 iuventfis

358 1932 455 1985 395
544 1907 758 1970 Laeta
789 1905 953 1970 facit
971 1927 988 1984 ;
1038 1907 1268 1993 spoliis
1303 1914 1376 1970 se
1408 1906 1691 1991 quisque
1723 1908 2103 1972 recentibus
2136 1917 2367 1972 armat.

539 2010 869 2075 Vadimus
898 2010 1179 2074 immixti
1213 2011 1471 2074 Danais
1505 2011 1684 2074 haud
1718 2012 1994 2075 numine
2026 2019 2272 2087 nostre,

542 2115 899 2198 Multaque
931 2134 1053 2198 per
1084 2134 1354 2179 caecam
1387 2125 1736 2197 congressi
1767 2114 2019 2199 proelia
2051 2124 2314 2179 noctem

541 2221 992 2296 Censerimus,
1027 2220 1273 2283 multos
1309 2221 1623 2283 Danaum
1657 2220 2068 2284 demittimus
2102 2220 2284 2284 Orce

542 2323 936 2405 Diffugiunt
967 2323 1080 2386 alii
1109 2323 1194 2386 ad
1227 2331 1453 2401 neveS,
1488 2333 1557 2387 et
1589 2325 1781 2388 litora
1811 2331 2010 2388 cursu

337 2456 454 2503 400
541 2427 714 2490 Fida
744 2437 1023 2511 petunt;
1072 2448 1229 2509 pars
1261 2427 1606 2510 ingentem
1640 2428 1996 2491 formidine
2027 2437 2209 2510 turpi

539 2531 892 2596 Scandunt
922 2538 1152 2596 riirsus
1183 2552 1430 2615 equum
1463 2542 1534 2595 et
1563 2539 1723 2596 nete
1754 2533 2134 2596 conduntur
2164 2531 2232 2594 in
2264 2532 2431 2596 alve.

631 2636 790 2700 Heu
822 2635 987 2698 nihil
1018 2635 1240 2699 invitis
1273 2637 1379 2698 fas
1412 2657 1819 2720 quemquam
1853 2636 2064 2700 fidere
2094 2635 2300 2700 divis!

542 2739 723 2803 Ecce
754 2739 1144 2803 trahebatur
1174 2750 1392 2822 passis
1427 2741 1751 2804 Priameia
1781 2740 1970 2822 virge

538 2843 852 2908 Crinibus
884 2850 923 2906 e
955 2844 1209 2926 temple
1239 2844 1625 2909 Cassandra
1656 2844 2010 2929 adytisque
2047 2844 2414 2920 Minervae,

347 2973 449 3027 405
539 2947 655 3010 Ad
688 2947 948 3011 caelum
980 2948 1266 3011 tendens
1297 2948 1603 3012 erdentia
1634 2948 1888 3012 himina
1920 2950 2186 3023 fresne,
2209 2981 2294 2992 —

542 3050 851 3128 Lumina,
885 3071 1042 3113 nam
1073 3059 1340 3116 teneras
1373 3052 1694 3115 arcebant
1724 3052 1990 3115 vincula
2023 3052 2299 3133 palmes,

540 3155 698 3218 Non
730 3155 882 3219 tulit
913 3156 1088 3219 hanc
1121 3158 1414 3238 speciem
1447 3157 1695 3220 furieta
1728 3167 1952 3221 mente
1986 3155 2346 3231 CoroebuS‚

541 3258 633 3322 Et
662 3266 811 3322 sese
842 3259 1134 3323 medium
1168 3260 1392 3324 iniecit
1424 3261 1761 3343 perittirus
1792 3260 1860 3323 in
1893 3268 2154 3341 egmen.

538 3361 1030 3445 Censequimur
1063 3371 1288 3427 ciincti
1318 3374 1387 3427 et
1419 3366 1644 3428 densis
1677 3364 2075 3427 incurrimus
2107 3372 2325 3426 armis.

341 3494 451 3545 410
540 3467 676 3529 Hic
710 3477 998 3549 primurn
1031 3488 1112 3531 ex
1145 3468 1282 3531 alte
1313 3469 1574 3531 delfibri
1603 3468 1892 3531 culmine
1924 3469 2071 3531 telis

537 3570 943 3634 Nostrerum
976 3571 1336 3647 obruimur,
1372 3572 1712 3655 oriturque
1747 3572 2112 3636 miserrima
2144 3570 2385 3634 caedes

534 3675 903 3738 Armerum
935 3675 1110 3738 facie
1141 3685 1210 3739 et
1243 3675 1593 3740 Greierum
1626 3683 1846 3740 errere
1880 3676 2202 3738 iubarum.

625 3778 803 3842 Tum
837 3777 1064 3841 Danai
1084 3778 1337 3862 gemiti]
1372 3788 1575 3863 atque
1607 3786 1877 3864 ereptae
1908 3777 2186 3860 virginis
2213 3784 2314 3840 ira
