3015 4288
467 281 544 346 52

458 2334 552 2402 695

461 2868 557 2918 700

463 3386 558 3441 705

1192 271 1509 323 VERGILI
1562 270 1963 324 AENEIDOS

643 449 897 534 Regius
928 457 1140 515 accitu
1174 457 1312 514 cari
1341 449 1662 531 genitoris
1696 451 1779 513 ad
1814 449 2044 514 urbem

639 555 982 620 Sidoniam
1018 574 1182 636 puer
1214 563 1307 616 ire
1341 562 1552 635 parat,
1589 574 1737 616 mea
1770 553 2054 617 maxima
2084 562 2264 631 cura,

638 660 837 722 Dona
868 656 1093 721 ferens
1129 658 1372 740 pelago
1401 664 1469 720 et
1502 656 1789 720 flammis
1822 658 2139 720 restantia
2170 657 2453 735 Troiae3

638 764 842 827 Hunc
874 781 1003 843 ego
1037 768 1327 844 sopitum
1363 768 1603 823 somno
1633 781 1836 842 super
1867 761 2001 824 alta
2033 762 2326 846 Cythera

636 868 779 932 Aut
810 886 1011 949 super
1047 849 1336 929 Tdalium
1373 871 1634 927 sacrata
1668 865 1826 928 sede
1858 867 2237 941 recondam,

637 972 745 1035 Νέ
775 978 907 1054 qua
939 979 1106 1034 scire
1141 969 1329 1032 dolos
1365 969 1709 1032 mediusve
1745 990 2088 1033 occurrere
2122 968 2351 1051 possit.

632 1076 738 1141 Τῡ
774 1075 1016 1139 faciem
1047 1074 1224 1137 illius
1260 1081 1528 1137 noctem
1563 1081 1698 1136 non
1733 1075 2018 1157 amplius
2053 1081 2254 1136 finam

637 1179 824 1244 Falle
856 1178 1027 1254 dolo,
1063 1188 1131 1243 et
1164 1186 1357 1241 notos
1394 1187 1585 1260 pueri
1619 1199 1788 1260 puer
1818 1179 2019 1241 indue
2050 1177 2294 1253 vultfiS,

635 1284 751 1360 Ut,
787 1303 937 1347 cum
970 1290 1038 1346 te
1071 1281 1327 1364 gremio
1361 1281 1645 1364 accipiet
1679 1281 2041 1346 laetissima
2074 1281 2254 1344 Dido

639 1387 926 1469 Regales
957 1388 1131 1450 inter
1165 1393 1432 1450 mensas
1466 1386 1865 1468 laticemque
1899 1386 2219 1470 Lyaeum,

635 1491 805 1556 Cum
838 1490 1022 1554 dabit
1054 1489 1403 1571 amplexus
1435 1499 1639 1573 atque
1671 1489 1900 1553 oscula
1930 1489 2150 1551 dulcia
2182 1489 2369 1570 figet,

635 1594 992 1668 Occultum
1024 1601 1309 1676 inspires
1341 1602 1570 1675 ignem
1604 1592 1931 1675 fallasque
1961 1592 2281 1655 venen6.'’

724 1699 917 1762 Paret
947 1698 1163 1760 Amor
1196 1697 1390 1760 dictis
1427 1704 1623 1760 carae
1658 1696 2032 1778 genetriciS,
2068 1705 2137 1758 et
2167 1695 2309 1759 alas

637 1802 857 1877 Exuit,
891 1812 958 1865 et
990 1808 1225 1883 gressu
1261 1800 1568 1883 gaudens
1600 1800 1848 1863 incedit
1883 1801 2029 1862 Ifili.

636 1906 733 1969 At
762 1907 996 1970 Venus
1029 1904 1329 1967 Ascanio
1362 1903 1692 1986 placidam
1728 1904 2179 1987 per'membra
2211 1906 2498 1987 quietem

639 2009 914 2090 Inrigat,
949 2017 1016 2071 et
1049 2008 1265 2070 fotum
1299 2009 1557 2089 gremio
1588 2008 1716 2070 dea
1748 2007 1918 2070 tollit
1948 2007 2015 2069 in
2049 2008 2217 2070 altos

637 2099 891 2177 idaliae
925 2111 1130 2188 lucos,
1167 2111 1280 2175 ubi
1312 2111 1531 2175 mollis
1563 2119 1912 2175 amaracus
1944 2111 2154 2200 illum,

639 2216 945 2281 Floribus
978 2226 1045 2280 et
1078 2216 1258 2279 dulci
1289 2216 1642 2298 adspirans
1676 2216 2140 2298 complectitur
2171 2215 2424 2279 umbri.

728 2321 1007 2403 Iamque
1039 2321 1178 2382 ibat
1211 2320 1392 2383 dicto
1423 2327 1670 2402 parens
1701 2329 1769 2382 et
1802 2320 1979 2382 dona
2013 2319 2277 2401 Cupido
2393 2348 2400 2353 ·

640 2425 855 2507 Regia
887 2422 1195 2506 portabat
1227 2424 1469 2508 Tyrii5‚
1505 2424 1677 2487 duce
1709 2425 1923 2487 laetus
1953 2423 2235 2487 Achate.

639 2531 808 2596 Cum
841 2527 1041 2603 venit,
1079 2529 1333 2591 aulaeis
1366 2526 1499 2589 iam
1532 2535 1606 2591 se
1637 2536 1871 2609 regina
1903 2527 2209 2609 superbis

637 2635 867 2698 Aurea
900 2631 1272 2713 composuit
1306 2631 1568 2714 sponda
1600 2631 2024 2713 mediamque
2058 2630 2330 2707 locavit3

640 2738 785 2802 Iam
818 2746 1009 2819 pater
1043 2735 1317 2798 Aeneas
1348 2743 1418 2798 et
1445 2734 1581 2797 iam
1611 2735 1904 2797 Troiana
1932 2735 2241 2797 iuventus

637 2842 1061 2907 Conveniunt
1095 2846 1438 2922 stratoque
1471 2859 1676 2920 super
1710 2837 2147 2901 discumbitur
2180 2847 2398 2923 ostro.-

643 2946 827 3009 Dant
858 2943 1166 3006 manibus
1199 2942 1435 3005 famuli
1470 2943 1801 3027 lymphaS,
1839 2942 2285 3024 Cereremque
2317 2944 2618 3005 canistris

642 3048 1042 3129 Expediunt,
1079 3054 1423 3129 tonsisque
1455 3047 1683 3109 ferunt
1717 3044 2031 3109 mantelia
2059 3045 2249 3109 villis,

641 3151 1142 3234 Quinquaginta
1175 3152 1354 3213 intus
1389 3151 1701 3226 famulae,
1742 3150 1982 3233 quibus
2013 3149 2247 3213 ordine
2280 3152 2481 3231 longo
2551 3199 2554 3204 .

643 3257 818 3321 Cfira
850 3274 1099 3337 penum
1136 3264 1407 3331 struere,
1442 3264 1513 3317 et
1544 3254 1830 3317 flammis
1864 3254 2129 3317 adolere
2167 3254 2477 3330 Penat583

642 3361 927 3425 Centum
963 3359 1131 3423 aliae
1166 3360 1578 3441 totidemque
1612 3367 1811 3442 pares
1844 3366 2065 3423 aetate
2097 3359 2395 3432 ministri,

642 3465 777 3548 Qui
807 3464 1092 3548 dapibus
1126 3471 1393 3526 mensas
1427 3473 1709 3526 onerent
1737 3473 1809 3527 et
1840 3464 2081 3545 pocula
2113 3470 2381 3544 ponant.

645 3571 789 3633 Nec
825 3578 955 3632 non
991 3578 1060 3632 et
1091 3567 1278 3653 Tyrii
1311 3587 1430 3649 per
1461 3566 1691 3630 limina
1720 3566 1898 3631 laeta
1931 3568 2316 3649 frequentes

645 3677 1060 3750 Convenere,
1096 3682 1258 3737 toris
1291 3672 1454 3734 iussi
1484 3671 1902 3735 discumbere
1938 3680 2150 3754 pictis,

648 3781 976 3843 Mirantur
1006 3778 1184 3841 dona
1216 3776 1515 3850 Aeneae,
1550 3784 1871 3838 mirantur
1906 3774 2125 3837 Iulum
