3015 4288
423 291 506 359 92

426 684 521 751 385

426 1214 524 1268 390

429 1732 523 1787 395

427 2252 525 2301 4οο

430 2770 525 2823 405

434 3288 526 3338 410

432 3808 525 3864 41⁵

1138 278 1456 332 VERGILI
1510 279 1670 332 AEN
1677 279 1911 335 EIDOS

604 461 844 543 Longa
874 458 1108 545 procul
1138 457 1358 541 longis
1387 459 1498 523 via
1529 458 1764 523 dividit
1792 462 1971 525 invia
2000 461 2212 526 terriS.

603 565 787 629 Ante
818 575 887 629 et
916 563 1266 628 Trinacria
1298 564 1656 628 lentandus
1688 584 1912 628 remus
1943 566 2009 627 in
2045 565 2241 642 unda,

606 671 696 733 Et
727 669 883 734 salis
914 667 1203 732 Ausonii
1232 668 1652 731 lustrandum
1686 669 1967 732 navibus
1997 689 2247 751 aequor

604 771 995 856 Infernique
1028 772 1212 835 lacus
1243 772 1652 854 Aeaeaeque
1684 771 1903 836 insula
1935 773 2185 849 Circae,

604 876 824 959 Quam
857 886 1002 940 tuta
1033 877 1251 959 possis
1283 875 1516 939 urbem
1551 896 1955 959 componere
1986 886 2180 940 terra.

603 979 817 1063 Signa
845 979 968 1044 tibi
996 980 1251 1057 dicam3
1298 989 1373 1043 tu
1405 979 1677 1044 condita
1709 989 1931 1044 mente
1960 989 2224 1046 teneto:

604 1084 775 1150 Cum
804 1083 928 1148 tibi
957 1083 1240 1148 sollicito
1272 1083 1514 1148 secreti
1544 1084 1630 1147 ad
1661 1083 1953 1148 fluminis
1982 1084 2234 1148 undam

607 1187 892 1251 Litoreis
922 1186 1164 1270 ingens
1193 1187 1468 1250 inventa
1498 1187 1624 1251 sub
1655 1186 1914 1251 ilicibus
1944 1207 2060 1251 sus

601 1291 910 1373 Triginta
940 1291 1236 1375 capitum
1268 1291 1449 1355 fetus
1479 1291 1677 1356 enixa
1704 1291 1965 1368 iacebit,

605 1395 805 1472 Alba,
840 1395 982 1459 solo
1013 1394 1361 1471 recubans,
1396 1395 1531 1458 albi
1562 1395 1813 1460 circum
1845 1395 2052 1460 ubera
2082 1398 2241 1473 nati,

608 1499 678 1563 Is
709 1499 894 1563 locus
925 1498 1107 1563 urbis
1138 1499 1281 1575 erit,
1315 1499 1582 1581 requies
1613 1519 1695 1564 ea
1726 1508 1910 1563 certa
1940 1500 2260 1564 laborum.

608 1602 752 1667 Nec
782 1612 857 1667 tu
889 1623 1270 1666 mensarum
1303 1622 1567 1666 morsus
1599 1603 1911 1667 horresce
1943 1603 2238 1682 futuros3

604 1707 779 1770 Fata
807 1706 984 1770 viam
1018 1706 1359 1770 invenient
1392 1706 1739 1789 aderitque
1769 1716 2044 1771 vocatus
2076 1708 2346 1790 Apollo.

695 1815 731 1843 “
753 1809 903 1873 Has
934 1819 1160 1874 autem
1190 1819 1422 1903 terraS,
1459 1810 1747 1894 Italique
1778 1811 1952 1875 hanc
1984 1811 2192 1875 litoris
2223 1830 2429 1889 oram,

607 1914 909 1977 Proxima
942 1933 1114 1997 quae
1145 1916 1358 1978 nostri
1390 1914 1819 1998 perfunditur
1850 1915 2157 1999 aequoris
2189 1907 2396 1992 aestu,

608 2017 894 2098 Effuge;
943 2027 1187 2082 cuncta
1218 2017 1411 2081 malis
1443 2017 1831 2082 habitantur
1862 2018 2124 2082 moenia
2155 2019 2367 2084 Grais.

606 2120 741 2186 Hic
772 2130 840 2185 et
874 2120 1149 2208 Narycii
1180 2130 1551 2206 posuerunt
1583 2121 1844 2186 moenia
1878 2121 2094 2200 Locri,

607 2226 695 2290 Et
728 2225 1135 2291 Sallentinos
1164 2225 1428 2290 obsedit
1458 2225 1667 2290 milite
1698 2246 1975 2309 campos

607 2327 886 2414 Lyctius
919 2329 1362 2406 Idomeneus;
1411 2329 1519 2392 hic
1552 2329 1665 2392 illa
1696 2329 1885 2393 ducis
1920 2329 2238 2396 Meliboei

607 2433 819 2496 Parva
853 2432 1264 2497 Philoctetae
1296 2434 1578 2497 subnixa
1611 2432 1860 2497 Petelia
1891 2453 2098 2497 muro.

606 2535 807 2618 Quin,
841 2536 955 2600 ubi
985 2538 1421 2601 transmissae
1453 2536 1759 2601 steterint
1787 2546 1974 2601 trans
2006 2556 2297 2620 aequora
2326 2536 2577 2602 classes

607 2639 696 2703 Et
726 2640 958 2722 positis
990 2640 1121 2704 aris
1154 2640 1287 2703 iam
1319 2650 1477 2704 vota
1507 2642 1576 2703 in
1610 2641 1802 2705 litore
1833 2640 2069 2716 solves,

608 2744 952 2827 Purpureo
982 2745 1207 2809 velare
1238 2765 1467 2810 comas
1499 2745 1862 2828 adopertus
1894 2744 2159 2822 amictu,

608 2847 714 2911 Ne
745 2868 879 2930 qua
908 2847 1081 2911 inter
1113 2857 1382 2913 sanctos
1412 2848 1606 2930 ignes
1634 2849 1704 2918 in
1735 2834 1990 2913 honore
2019 2848 2297 2912 deorum

609 2951 893 3015 Hostilis
925 2952 1135 3016 facies
1165 2961 1470 3016 occurrat
1500 2961 1569 3016 et
1600 2951 1824 3016 omina
1853 2950 2094 3017 turbet.

607 3055 812 3120 Hunc
844 3055 1007 3120 socii
1038 3076 1288 3120 morem
1322 3076 1679 3132 sacrorum,
1713 3057 1894 3120 hunc
1923 3057 2070 3139 ipse
2100 3061 2364 3121 teneto:

607 3159 760 3223 Hac
791 3159 959 3223 casti
991 3169 1307 3223 maneant
1338 3160 1406 3223 in
1440 3160 1763 3242 religione
1794 3168 2090 3242 nepotes.

693 3267 731 3296 ‘⁴
753 3263 886 3328 Ast
916 3263 1032 3328 ubi
1062 3264 1434 3346 digressum
1473 3264 1739 3330 Siculae
1769 3273 1839 3328 te
1870 3264 2238 3329 admoverit
2268 3283 2424 3329 orae

603 3367 868 3432 Ventus
898 3377 965 3432 et
996 3368 1266 3450 angusti
1297 3379 1638 3433 rarescent
1670 3370 1960 3434 claustra
1993 3355 2226 3445 Pelori,

609 3472 835 3537 Laeva
865 3471 986 3536 tibi
1013 3472 1211 3537 tellus
1242 3482 1310 3537 et
1341 3474 1544 3555 longo
1577 3474 1767 3538 laeva
1799 3482 2114 3556 petantur

606 3576 928 3660 Aequora
958 3575 1274 3654 circuitu;
1322 3577 1626 3641 dextrum
1662 3577 1827 3660 fuge
1858 3578 2014 3641 litus
2045 3586 2112 3640 et
2143 3576 2376 3641 undas·

609 3680 803 3744 Haec
833 3679 980 3744 loca
1008 3680 1076 3744 vi
1106 3680 1442 3763 quondam
1477 3690 1546 3746 et
1575 3690 1766 3745 vasta
1798 3680 2118 3745 convulsa
2149 3680 2448 3745 ruina—

602 3785 897 3848 Tantum
930 3784 1077 3848 aevi
1109 3783 1476 3868 longinqua
1505 3785 1683 3849 valet
1717 3794 1972 3849 mutare
2006 3793 2305 3850 vetustas
2325 3821 2412 3831 —-
