3015 4288
1176 303 1410 361 mar-:R
1460 302 1832 376 QUARTUS
2490 313 2612 385 107

582 484 895 573 Desuper
924 487 1296 564 infundam,
1328 496 1399 552 et
1429 487 1680 552 tonitru
1709 488 1968 552 caelum
2000 508 2200 553 omne
2231 487 2437 553 ciebo.

582 592 964 675 Diffugient
994 592 1271 656 comites
1301 601 1371 657 et
1399 602 1599 657 nocte
1630 601 1943 675 tegentur
1971 612 2223 675 opaca;

578 695 983 781 Speluncam
1019 695 1198 760 Dido
1229 696 1363 759 dux
1385 705 1453 760 et
1482 695 1815 760 Troianus
1845 696 2126 760 eandem

400 826 493 881 125
578 799 973 864 Devenient.
1067 799 1300 863 Adero
1332 809 1417 875 et,
1451 808 1571 864 tua
1601 798 1658 863 si
1693 798 1855 864 mihi
1886 809 2070 864 certa
2097 800 2427 879 voluntas,

576 902 879 971 Conubio
910 903 1183 986 iungam
1215 903 1436 967 stabili
1467 902 1940 988 propriamque
1970 903 2225 968 dicab0.

575 1008 709 1074 Hic
740 1007 1152 1094 hymenaeus
1182 1007 1368 1072 erit.”
1465 1007 1623 1072 Non
1655 1008 2008 1073 adversata
2039 1009 2293 1093 petenti

572 1111 852 1189 Adnuit,
886 1121 1089 1196 atque
1119 1109 1290 1176 dolis
1319 1111 1465 1176 risit
1495 1110 1834 1198 Cytherea
1861 1111 2159 1196 repertis.

656 1318 1009 1386 Oceanum
1039 1318 1296 1384 interea
1326 1338 1612 1402 surgens
1643 1318 1914 1384 Aurora
1941 1318 2222 1403 reliquit.

395 1450 493 1502 130
575 1423 643 1489 It
670 1424 882 1508 portis
911 1423 1143 1487 iubare
1174 1432 1403 1487 exorto
1435 1422 1696 1487 delecta
1725 1422 2072 1501 iuventus;

574 1527 770 1592 Retia
799 1546 968 1603 rara,
1002 1526 1264 1610 plagae,
1281 1523 1435 1591 ¹lato
1465 1525 1802 1591 venabula
1831 1526 2030 1604 ferro',

571 1630 986 1718 Massylique
1020 1639 1222 1695 ruunt
1251 1629 1512 1714 equites
1541 1639 1612 1695 et
1640 1630 1848 1696 odora
1875 1649 2118 1695 canum
2145 1629 2268 1695 viS.

572 1734 903 1818 Reginam
936 1733 1232 1798 thalamo
1265 1744 1694 1799 cunctantem
1727 1734 1813 1798 ad
1845 1734 2075 1798 limina
2103 1734 2301 1819 primi

570 1838 940 1904 Poenorum
975 1847 1386 1921 exspectant,
1420 1849 1738 1923 ostroque
1769 1838 2052 1921 insignis
2080 1847 2151 1903 et
2178 1858 2345 1904 auro
2419 1925 2425 1930 ξ

388 1967 485 2022 135
571 1942 720 2008 Stat
749 1941 1020 2024 sonipes
1053 1961 1132 2005 ac
1155 1942 1352 2006 frena
1381 1941 1572 2007 ferox
1600 1941 1985 2026 spumantia
2013 1942 2288 2007 mandit.

564 2044 870 2108 Tandem
904 2044 1343 2129 progreditur,
1378 2066 1626 2129 magna
1657 2046 1950 2130 stipante
1978 2054 2269 2122 caterva,

568 2146 910 2214 Sidoniam
942 2148 1124 2234 picto
1154 2149 1579 2236 chlamydem
1609 2151 2022 2215 circumdata
2050 2149 2276 2215 limbo.

567 2252 694 2318 Cui
722 2253 1037 2336 pharetra
1067 2273 1148 2317 ex
1179 2272 1360 2331 auro,
1392 2253 1612 2319 crines
1642 2254 1980 2319 nodantur
2008 2254 2075 2319 in
2107 2265 2365 2334 aurum,

564 2357 797 2422 Aurea
827 2376 1233 2442 purpuream
1266 2357 1603 2423 subnectit
1632 2357 1837 2422 fibula
1865 2366 2144 2423 vestem.

386 2488 483 2538 140
567 2460 714 2525 Nec
745 2480 881 2524 non
914 2470 985 2525 et
1017 2460 1288 2546 Phrygii
1317 2460 1598 2526 comites
1629 2470 1698 2526 et
1729 2459 1945 2527 laetus
1977 2461 2166 2525 Iulus

441 2575 448 2580 ·
564 2564 917 2629 Incedunt.
1013 2565 1172 2647 Ipse
1202 2574 1361 2629 ante
1392 2565 1558 2630 alios
1589 2565 2076 2649 pulcherrimus
2104 2585 2342 2631 omnes
2461 2630 2464 2635 ,

564 2668 782 2733 Infert
812 2688 885 2732 se
917 2667 1168 2732 socium
1200 2668 1476 2733 Aeneas
1510 2678 1713 2753 atque
1744 2668 2016 2751 agmina
2045 2668 2279 2751 iungit.

564 2770 800 2855 Qualis
830 2770 944 2835 ubi
974 2771 1321 2835 hibernam
1357 2771 1637 2858 Lyciam
1669 2772 2060 2856 Xanthique
2089 2771 2340 2836 fluenta

563 2874 832 2939 Deserit
861 2895 941 2939 ac
976 2875 1221 2939 Delum
1254 2885 1624 2940 maternam
1653 2877 1882 2940 invisit
1910 2876 2160 2959 Apollo

390 3003 481 3059 145
564 2978 1037 3062 Instauratque
1067 2979 1327 3056 choros,
1360 2978 1679 3064 mixtique
1708 2980 1943 3045 altaria
1971 2982 2220 3046 circum

497 3082 931 3203 ‘Cretesque
965 3083 1411 3168 Dryopesque
1443 3084 1743 3149 fremunt
1773 3084 2066 3168 pictique
2096 3084 2510 3169 Agathyrsi,

497 3157 772 3270 ‘'Ipse
754 3186 929 3268 iugis
960 3187 1211 3272 Cynthi
1242 3188 1563 3270 graditur,
1596 3189 1912 3273 mollique
1942 3187 2257 3252 fluentem

565 3289 833 3354 Fronde
865 3291 1105 3375 premit
1136 3293 1386 3356 crinem
1421 3293 1685 3375 fingens
1717 3302 1917 3376 atque
1948 3291 2247 3376 implicat
2276 3310 2454 3368 auro,

564 3393 732 3459 Tela
763 3404 1005 3460 sonant
1037 3396 1322 3460 umeris:
1370 3397 1551 3462 haud
1581 3397 1695 3463 illo
1727 3396 1997 3480 segnior
2025 3394 2163 3459 ibat

387 3523 485 3579 150
563 3498 858 3575 AeneaS,
889 3508 1149 3563 tantum
1181 3500 1455 3583 egregio
1487 3500 1694 3566 decus
1725 3502 1935 3566 enitet
1963 3519 2096 3564 ore.

561 3617 577 3633 ⁹
653 3601 1012 3685 Postquam
1046 3602 1215 3667 altos
1237 3614 1512 3668 ventum
1545 3604 1614 3668 in
1647 3614 1911 3670 montes
1942 3614 2142 3688 atque
2165 3602 2344 3667 invia
2368 3602 2593 3679 lustra,

564 3705 744 3771 Ecce
775 3705 980 3782 ferae,
1016 3706 1156 3769 saxi
1186 3706 1482 3771 deiectae
1513 3710 1781 3786 vertice,
1815 3727 2060 3792 caprae

563 3809 937 3876 Decurrere
967 3809 1177 3892 iugis;
1223 3810 1355 3874 alia
1386 3809 1472 3875 de
1504 3820 1695 3894 parte
1726 3821 2037 3897 patentes
2098 3886 2105 3892 ‚
