3015 4288
451 252 576 336 258

1165 256 1482 314 VERGILI
1536 255 1696 312 AEN
1703 257 1938 314 EIDOS

619 443 885 527 Totque
917 439 1117 505 maris
1147 447 1514 523 vastaeque
1545 439 1874 505 exhausta
1904 440 2203 524 pericula
2230 449 2471 519 terrae,

625 548 806 611 Dum
843 545 1110 609 Latium
1143 545 1390 608 Teucri
1419 544 1849 627 recidivaque
1883 545 2209 628 Pergama
2238 542 2614 629 quaerunt?

624 652 779 715 Non
812 649 1039 725 satius,
1072 648 1330 713 cineres
1361 648 1617 730 patriae
1647 647 1973 712 insedisse
2004 669 2354 733 supremos

623 756 853 838 Atque
883 754 1120 829 solum,
1152 772 1286 837 quo
1317 752 1523 816 Troia
1553 751 1726 817 fuit?
1778 753 2129 817 Xanthum
2160 764 2229 818 et
2260 754 2608 819 Simoenta

625 858 880 934 Redde,
914 877 1050 934 oro,
1084 855 1363 934 miseris,
1397 855 1772 940 iterumque
1804 856 2145 922 revolvere
2174 878 2373 923 casus

627 963 752 1039 Da,
788 971 997 1045 pater,
1036 961 1279 1025 Iliacos
1311 960 1656 1025 Teucris.”
1748 962 1924 1025 Tum
1957 963 2144 1043 regia
2175 962 2349 1027 Iuno

623 1065 803 1131 Acta
833 1066 1060 1130 furore
1090 1066 1321 1148 gravi:
1378 1070 1416 1098 “
1438 1064 1619 1148 Quid
1650 1085 1761 1130 me
1791 1065 1926 1129 alta
1958 1065 2221 1130 silentia
2250 1064 2438 1149 cogis

626 1171 969 1253 Rumpere
999 1179 1070 1234 et
1099 1168 1467 1234 obductum
1498 1168 1722 1234 verbis
1752 1170 2030 1252 vulgare
2061 1169 2408 1235 dolorem?

624 1274 913 1339 Aenean
943 1273 1290 1338 hominum
1322 1275 1675 1357 quisquam
1707 1272 2069 1357 divumque
2101 1273 2368 1357 subegit

628 1378 815 1442 Bella
847 1378 1056 1461 sequi,
1090 1387 1209 1442 aut
1231 1378 1496 1441 hostem
1528 1376 1671 1460 regi
1703 1397 1777 1441 se
1804 1377 2056 1442 inferre
2090 1376 2379 1443 Latino?

627 1481 889 1546 Italiam
922 1481 1112 1565 petiit
1141 1482 1302 1545 fatis
1334 1480 1716 1545 auctoribus
1733 1518 1819 1529 —
1838 1490 2093 1547 esto—

626 1585 1049 1659 Cassandrae
1078 1584 1407 1668 impulsus
1440 1584 1632 1649 furiis
1659 1605 1675 1648 :
1723 1606 1882 1649 num
1916 1584 2218 1670 linquere
2247 1594 2472 1652 castra
2551 1581 2565 1594 “

628 1689 901 1755 Hortati
932 1709 1181 1765 sumuS,
1215 1697 1333 1753 aut
1360 1687 1568 1753 vitam
1599 1689 2013 1754 committere
2042 1690 2310 1755 ventis?

632 1795 812 1858 Num
845 1813 1053 1877 puero
1085 1813 1415 1857 summam
1445 1791 1624 1870 belli,
1657 1814 1818 1857 num
1849 1794 2123 1859 credere
2155 1815 2400 1872 muroS,

624 1899 1183 1983 Tyrrhenamque
1215 1897 1416 1961 fidem
1449 1906 1567 1961 aut
1597 1908 1836 1980 gentes
1866 1899 2123 1980 agitare
2155 1898 2464 1982 quietas?

628 2001 797 2084 Quis
828 2001 996 2066 deus
1025 1999 1094 2064 in
1126 2000 1454 2077 fraudem,
1488 2020 1662 2084 quae
1691 2001 1859 2065 dura
1892 2001 2193 2086 potentia
2223 2012 2453 2067 nostra

549 2132 564 2150 ·
628 2104 837 2188 Egit?
883 2103 997 2171 ubi
1026 2104 1135 2169 hic
1170 2105 1362 2183 Iun0,
1396 2104 1773 2171 demissave
1802 2104 2092 2171 nubibus
2125 2104 2293 2170 Iris?

453 2307 528 2393 75⁶

629 2210 993 2292 Indignum
1025 2219 1129 2273 est
1163 2209 1371 2274 Italos
1403 2209 1676 2273 Troiam
1707 2210 2121 2275 circumdare
2151 2210 2439 2275 flammis

630 2314 1059 2390 Nascentem,
1092 2322 1162 2377 et
1192 2315 1412 2398 patria
1442 2314 1747 2377 Turnum
1779 2314 2146 2380 consistere
2176 2325 2372 2393 terra,

627 2415 755 2481 Cui
786 2416 1129 2481 Pilumnus
1161 2437 1343 2494 avuS,
1378 2416 1486 2482 cui
1520 2417 1674 2481 diva
1703 2417 1971 2482 Venilia
2004 2428 2255 2483 mater:

628 2520 828 2604 Quid,
862 2521 1014 2585 face
1044 2520 1373 2584 Troianos
1403 2530 1552 2585 atra
1579 2520 1717 2584 vim
1749 2522 1925 2585 ferre
1962 2522 2238 2602 Latinis,

626 2625 814 2689 Arva
844 2625 1063 2688 aliena
1084 2625 1243 2707 iugo
1276 2645 1584 2709 premere
1615 2634 1816 2708 atque
1849 2636 2150 2690 avertere
2181 2626 2520 2711 praedas?

628 2728 809 2813 Quid
841 2748 1110 2794 soceros
1140 2728 1364 2810 legere
1395 2739 1464 2792 et
1493 2728 1766 2811 gremiis
1797 2728 2128 2794 abducere
2160 2740 2415 2815 pactaS,

629 2834 869 2897 Pacem
900 2852 1091 2897 orare
1122 2852 1345 2909 manu,
1380 2832 1750 2916 praefigere
1782 2832 2122 2916 puppibus
2154 2834 2386 2898 arma?

624 2936 732 2999 Tu
763 2945 957 3020 potes
987 2935 1273 3000 Aenean
1306 2935 1617 2999 manibus
1649 2935 2018 3001 subducere
2052 2936 2349 3016 Graium,

630 3040 888 3123 Proque
918 3041 1061 3104 viro
1092 3039 1407 3104 nebulam
1440 3049 1510 3104 et
1538 3049 1777 3104 ventos
1809 3040 2173 3105 obtendere
2204 3042 2459 3120 inaneS,

629 3143 719 3208 Et
749 3153 942 3227 potes
971 3143 1040 3208 in
1072 3144 1348 3209 totidem
1379 3142 1663 3208 classem
1696 3154 2085 3209 convertere
2120 3144 2507 3232 Nymphas:

629 3247 773 3312 Nos
805 3248 1054 3332 aliquid
1087 3248 1375 3313 Rutulos
1405 3258 1639 3313 eontra
1666 3248 1913 3314 iuvisse
1941 3249 2311 3313 nefandum
2345 3246 2490 3315 est?

716 3357 754 3385 “
777 3357 793 3385 ‘
811 3351 1086 3417 Aeneas
1115 3352 1389 3434 ignarus
1419 3352 1612 3418 abest
1632 3352 1690 3417 ἐ
1735 3352 2010 3435 ignarus
2040 3362 2108 3417 et
2139 3353 2331 3418 absit.

631 3455 755 3519 Est
788 3457 1078 3540 Paphus,
1116 3457 1538 3541 Idaliumque
1570 3456 1710 3534 tibi,
1743 3467 1901 3521 sunt
1931 3457 2067 3522 alta
2099 3457 2433 3542 Cythera:

630 3559 808 3642 Quid
841 3561 1184 3642 gravidam
1217 3561 1409 3625 bellis
1443 3561 1677 3626 urbem
1708 3570 1781 3629 et
1811 3562 2010 3627 corda
2043 3582 2281 3645 aspera
2311 3562 2652 3645 temptas?

634 3664 865 3728 Nosne
897 3665 1016 3729 tibi
1046 3665 1260 3729 fluxas
1294 3666 1626 3750 Phrygiae
1658 3687 1766 3731 res
1795 3676 2054 3731 vertere
2086 3666 2295 3730 fundo

629 3768 1012 3834 Conamur?
1057 3790 1197 3845 nos,
1233 3789 1318 3832 an
1351 3770 1627 3834 miseros
1651 3770 1768 3854 qui
1796 3771 2011 3834 Troas
2042 3769 2322 3835 Achivis
