<?xml version="1.0" encoding="UTF-8"?>
<!DOCTYPE html PUBLIC "-//W3C//DTD XHTML 1.0 Transitional//EN"
    "http://www.w3.org/TR/xhtml1/DTD/xhtml1-transitional.dtd">
<html xmlns="http://www.w3.org/1999/xhtml" xml:lang="en" lang="en">
 <head>
  <title>
</title>
<meta http-equiv="Content-Type" content="text/html;charset=utf-8" />
  <meta name='ocr-system' content='tesseract 3.04.00' />
  <meta name='ocr-capabilities' content='ocr_page ocr_carea ocr_par ocr_line ocrx_word'/>
</head>
<body>
  <div class='ocr_page' id='page_1' title='image "./virgilsaeneidbo01denngoog_0232.png"; bbox 0 0 3015 4288; ppageno 0'>
   <div class='ocr_carea' id='block_1_1' title="bbox 496 249 626 315">
    <p class='ocr_par' dir='ltr' id='par_1_1' title="bbox 496 249 626 315">
     <span class='ocr_line' id='line_1_1' title="bbox 496 249 626 315; baseline 0 -15"><span class='ocrx_word' id='word_1_1' title='bbox 496 249 626 315; x_wconf 84' lang='lat'><strong>224</strong></span> 
     </span>
    </p>
   </div>
   <div class='ocr_carea' id='block_1_2' title="bbox 491 548 587 603">
    <p class='ocr_par' dir='ltr' id='par_1_2' title="bbox 491 548 587 603">
     <span class='ocr_line' id='line_1_2' title="bbox 491 548 587 603; baseline -0.01 -2"><span class='ocrx_word' id='word_1_2' title='bbox 491 548 587 603; x_wconf 89' lang='grc'><strong>545</strong></span> 
     </span>
    </p>
   </div>
   <div class='ocr_carea' id='block_1_3' title="bbox 486 1069 586 1124">
    <p class='ocr_par' dir='ltr' id='par_1_3' title="bbox 486 1069 586 1124">
     <span class='ocr_line' id='line_1_3' title="bbox 486 1069 586 1124; baseline -0.01 0"><span class='ocrx_word' id='word_1_3' title='bbox 486 1069 586 1124; x_wconf 80' lang='grc'><strong>550</strong></span> 
     </span>
    </p>
   </div>
   <div class='ocr_carea' id='block_1_4' title="bbox 483 1590 578 1646">
    <p class='ocr_par' dir='ltr' id='par_1_4' title="bbox 483 1590 578 1646">
     <span class='ocr_line' id='line_1_4' title="bbox 483 1590 578 1646; baseline -0.011 0"><span class='ocrx_word' id='word_1_4' title='bbox 483 1590 578 1646; x_wconf 90' lang='grc'><strong>555</strong></span> 
     </span>
    </p>
   </div>
   <div class='ocr_carea' id='block_1_5' title="bbox 481 2619 576 2682">
    <p class='ocr_par' dir='ltr' id='par_1_5' title="bbox 481 2619 576 2682">
     <span class='ocr_line' id='line_1_5' title="bbox 481 2619 576 2682; baseline -0.021 0"><span class='ocrx_word' id='word_1_5' title='bbox 481 2619 576 2682; x_wconf 78' lang='grc'><strong>565</strong></span> 
     </span>
    </p>
   </div>
   <div class='ocr_carea' id='block_1_6' title="bbox 482 3146 581 3200">
    <p class='ocr_par' dir='ltr' id='par_1_6' title="bbox 482 3146 581 3200">
     <span class='ocr_line' id='line_1_6' title="bbox 482 3146 581 3200; baseline -0.01 0"><span class='ocrx_word' id='word_1_6' title='bbox 482 3146 581 3200; x_wconf 85' lang='lat'><strong>570</strong></span> 
     </span>
    </p>
   </div>
   <div class='ocr_carea' id='block_1_7' title="bbox 1215 240 1994 300">
    <p class='ocr_par' dir='ltr' id='par_1_7' title="bbox 1215 240 1994 300">
     <span class='ocr_line' id='line_1_7' title="bbox 1215 240 1994 300; baseline 0.006 -5"><span class='ocrx_word' id='word_1_7' title='bbox 1215 240 1538 295; x_wconf 89' lang='lat' dir='ltr'>VERGILI</span> <span class='ocrx_word' id='word_1_8' title='bbox 1591 241 1994 300; x_wconf 79' lang='lat' dir='ltr'><strong>AENE1DOS</strong></span> 
     </span>
    </p>
   </div>
   <div class='ocr_carea' id='block_1_8' title="bbox 655 421 2630 3306">
    <p class='ocr_par' dir='ltr' id='par_1_8' title="bbox 671 421 2384 499">
     <span class='ocr_line' id='line_1_8' title="bbox 671 421 2384 499; baseline 0.002 -14"><span class='ocrx_word' id='word_1_9' title='bbox 671 421 922 488; x_wconf 88' lang='lat' dir='ltr'><strong>Laetus</strong></span> <span class='ocrx_word' id='word_1_10' title='bbox 953 421 1131 499; x_wconf 88' lang='lat' dir='ltr'><strong>adit;</strong></span> <span class='ocrx_word' id='word_1_11' title='bbox 1178 430 1476 487; x_wconf 90' lang='lat' dir='ltr'><strong>mactant</strong></span> <span class='ocrx_word' id='word_1_12' title='bbox 1507 421 1716 486; x_wconf 88' lang='lat' dir='ltr'><strong>lectas</strong></span> <span class='ocrx_word' id='word_1_13' title='bbox 1746 422 1831 486; x_wconf 89' lang='lat' dir='ltr'><strong>de</strong></span> <span class='ocrx_word' id='word_1_14' title='bbox 1861 442 2045 487; x_wconf 89' lang='lat' dir='ltr'><strong>more</strong></span> <span class='ocrx_word' id='word_1_15' title='bbox 2074 423 2384 489; x_wconf 81' lang='lat' dir='ltr'><strong>bidentes</strong></span> 
     </span>
    </p>

    <p class='ocr_par' dir='ltr' id='par_1_9' title="bbox 668 525 2298 610">
     <span class='ocr_line' id='line_1_9' title="bbox 668 525 2298 610; baseline 0.002 -21"><span class='ocrx_word' id='word_1_16' title='bbox 668 526 1025 590; x_wconf 90' lang='lat' dir='ltr'><strong>Euandrus</strong></span> <span class='ocrx_word' id='word_1_17' title='bbox 1058 525 1326 610; x_wconf 90' lang='lat' dir='ltr'><strong>pariter,</strong></span> <span class='ocrx_word' id='word_1_18' title='bbox 1364 525 1616 609; x_wconf 88' lang='lat' dir='ltr'><strong>pariter</strong></span> <span class='ocrx_word' id='word_1_19' title='bbox 1645 526 1940 591; x_wconf 89' lang='lat' dir='ltr'><strong>Troiana</strong></span> <span class='ocrx_word' id='word_1_20' title='bbox 1968 529 2298 593; x_wconf 86' lang='lat' dir='ltr'><strong>iuventus.</strong></span> 
     </span>
    </p>

    <p class='ocr_par' dir='ltr' id='par_1_10' title="bbox 667 629 2372 715">
     <span class='ocr_line' id='line_1_10' title="bbox 667 629 2372 715; baseline 0.002 -22"><span class='ocrx_word' id='word_1_21' title='bbox 667 630 825 693; x_wconf 88' lang='lat' dir='ltr'><strong>Post</strong></span> <span class='ocrx_word' id='word_1_22' title='bbox 854 629 1009 693; x_wconf 90' lang='lat' dir='ltr'><strong>hinc</strong></span> <span class='ocrx_word' id='word_1_23' title='bbox 1041 629 1130 693; x_wconf 89' lang='lat' dir='ltr'><strong>ad</strong></span> <span class='ocrx_word' id='word_1_24' title='bbox 1160 648 1368 693; x_wconf 88' lang='lat' dir='ltr'><strong>naves</strong></span> <span class='ocrx_word' id='word_1_25' title='bbox 1397 629 1702 712; x_wconf 85' lang='lat' dir='ltr'>graditur</span> <span class='ocrx_word' id='word_1_26' title='bbox 1733 631 2084 715; x_wconf 89' lang='lat' dir='ltr'><strong>sociosque</strong></span> <span class='ocrx_word' id='word_1_27' title='bbox 2114 631 2372 711; x_wconf 65' lang='lat' dir='ltr'><strong>revisit}</strong></span> 
     </span>
    </p>

    <p class='ocr_par' dir='ltr' id='par_1_11' title="bbox 667 733 2473 819">
     <span class='ocr_line' id='line_1_11' title="bbox 667 733 2473 819; baseline 0.002 -22"><span class='ocrx_word' id='word_1_28' title='bbox 667 733 970 816; x_wconf 80' lang='lat' dir='ltr'><strong>Quorum</strong></span> <span class='ocrx_word' id='word_1_29' title='bbox 1001 733 1088 798; x_wconf 89' lang='lat' dir='ltr'><strong>de</strong></span> <span class='ocrx_word' id='word_1_30' title='bbox 1118 753 1419 812; x_wconf 91' lang='lat' dir='ltr'><strong>numero,</strong></span> <span class='ocrx_word' id='word_1_31' title='bbox 1453 733 1570 817; x_wconf 92' lang='lat' dir='ltr'><strong>qui</strong></span> <span class='ocrx_word' id='word_1_32' title='bbox 1601 753 1750 799; x_wconf 88' lang='lat' dir='ltr'><strong>sese</strong></span> <span class='ocrx_word' id='word_1_33' title='bbox 1782 733 1850 797; x_wconf 92' lang='lat' dir='ltr'><strong>in</strong></span> <span class='ocrx_word' id='word_1_34' title='bbox 1880 734 2059 799; x_wconf 90' lang='lat' dir='ltr'><strong>bella</strong></span> <span class='ocrx_word' id='word_1_35' title='bbox 2088 746 2473 819; x_wconf 88' lang='lat' dir='ltr'><strong>sequantur,</strong></span> 
     </span>
    </p>

    <p class='ocr_par' dir='ltr' id='par_1_12' title="bbox 666 837 2304 923">
     <span class='ocr_line' id='line_1_12' title="bbox 666 837 2304 923; baseline 0.002 -21"><span class='ocrx_word' id='word_1_36' title='bbox 666 838 1092 904; x_wconf 89' lang='lat' dir='ltr'><strong>Praestantes</strong></span> <span class='ocrx_word' id='word_1_37' title='bbox 1120 837 1368 902; x_wconf 89' lang='lat' dir='ltr'><strong>virtute</strong></span> <span class='ocrx_word' id='word_1_38' title='bbox 1397 837 1598 921; x_wconf 80' lang='lat' dir='ltr'><strong>legit3</strong></span> <span class='ocrx_word' id='word_1_39' title='bbox 1647 858 1804 923; x_wconf 89' lang='lat' dir='ltr'><strong>pars</strong></span> <span class='ocrx_word' id='word_1_40' title='bbox 1835 848 2060 903; x_wconf 88' lang='lat' dir='ltr'><strong>cetera</strong></span> <span class='ocrx_word' id='word_1_41' title='bbox 2088 860 2304 923; x_wconf 87' lang='lat' dir='ltr'><strong>prona</strong></span> 
     </span>
    </p>

    <p class='ocr_par' dir='ltr' id='par_1_13' title="bbox 666 940 2356 1026">
     <span class='ocr_line' id='line_1_13' title="bbox 666 940 2356 1026; baseline 0.001 -19"><span class='ocrx_word' id='word_1_42' title='bbox 666 942 907 1007; x_wconf 88' lang='lat' dir='ltr'>Fertur</span> <span class='ocrx_word' id='word_1_43' title='bbox 936 961 1130 1026; x_wconf 90' lang='lat' dir='ltr'><strong>aqua,</strong></span> <span class='ocrx_word' id='word_1_44' title='bbox 1164 940 1530 1025; x_wconf 83' lang='lat' dir='ltr'>segnisque</span> <span class='ocrx_word' id='word_1_45' title='bbox 1560 943 1858 1007; x_wconf 90' lang='lat' dir='ltr'><strong>secundo</strong></span> <span class='ocrx_word' id='word_1_46' title='bbox 1888 941 2120 1007; x_wconf 88' lang='lat' dir='ltr'><strong>defluit</strong></span> <span class='ocrx_word' id='word_1_47' title='bbox 2154 944 2356 1023; x_wconf 90' lang='lat' dir='ltr'><strong>amni,</strong></span> 
     </span>
    </p>

    <p class='ocr_par' dir='ltr' id='par_1_14' title="bbox 666 1046 2354 1132">
     <span class='ocr_line' id='line_1_14' title="bbox 666 1046 2354 1132; baseline 0.002 -22"><span class='ocrx_word' id='word_1_48' title='bbox 666 1046 924 1111; x_wconf 88' lang='lat' dir='ltr'><strong>Nuntia</strong></span> <span class='ocrx_word' id='word_1_49' title='bbox 952 1056 1238 1112; x_wconf 87' lang='lat' dir='ltr'><strong>ventura</strong></span> <span class='ocrx_word' id='word_1_50' title='bbox 1271 1046 1572 1111; x_wconf 88' lang='lat' dir='ltr'><strong>Ascanio</strong></span> <span class='ocrx_word' id='word_1_51' title='bbox 1603 1066 1961 1130; x_wconf 84' lang='lat' dir='ltr'><strong>rerumque</strong></span> <span class='ocrx_word' id='word_1_52' title='bbox 1991 1046 2354 1132; x_wconf 87' lang='lat' dir='ltr'><strong>patrisque.</strong></span> 
     </span>
    </p>

    <p class='ocr_par' dir='ltr' id='par_1_15' title="bbox 665 1149 2464 1237">
     <span class='ocr_line' id='line_1_15' title="bbox 665 1149 2464 1237; baseline 0.002 -23"><span class='ocrx_word' id='word_1_53' title='bbox 665 1150 935 1214; x_wconf 87' lang='lat' dir='ltr'><strong>Dantur</strong></span> <span class='ocrx_word' id='word_1_54' title='bbox 963 1151 1120 1234; x_wconf 87' lang='lat' dir='ltr'><strong>equi</strong></span> <span class='ocrx_word' id='word_1_55' title='bbox 1148 1150 1430 1215; x_wconf 89' lang='lat' dir='ltr'><strong>Teucris</strong></span> <span class='ocrx_word' id='word_1_56' title='bbox 1461 1149 1820 1237; x_wconf 88' lang='lat' dir='ltr'><strong>Tyrrhena</strong></span> <span class='ocrx_word' id='word_1_57' title='bbox 1849 1150 2236 1234; x_wconf 89' lang='lat' dir='ltr'><strong>petentibus</strong></span> <span class='ocrx_word' id='word_1_58' title='bbox 2266 1172 2464 1232; x_wconf 83' lang='lat' dir='ltr'><strong>arva;</strong></span> 
     </span>
    </p>

    <p class='ocr_par' dir='ltr' id='par_1_16' title="bbox 663 1254 2339 1337">
     <span class='ocr_line' id='line_1_16' title="bbox 663 1254 2339 1337; baseline 0.002 -19"><span class='ocrx_word' id='word_1_59' title='bbox 663 1254 943 1319; x_wconf 89' lang='lat' dir='ltr'><strong>Ducunt</strong></span> <span class='ocrx_word' id='word_1_60' title='bbox 971 1264 1305 1320; x_wconf 87' lang='lat' dir='ltr'><strong>exsortem</strong></span> <span class='ocrx_word' id='word_1_61' title='bbox 1338 1254 1640 1332; x_wconf 86' lang='lat' dir='ltr'><strong>Aeneae,</strong></span> <span class='ocrx_word' id='word_1_62' title='bbox 1676 1273 1875 1337; x_wconf 89' lang='lat' dir='ltr'><strong>quem</strong></span> <span class='ocrx_word' id='word_1_63' title='bbox 1906 1254 2097 1319; x_wconf 87' lang='lat' dir='ltr'><strong>fulva</strong></span> <span class='ocrx_word' id='word_1_64' title='bbox 2125 1254 2339 1321; x_wconf 87' lang='lat' dir='ltr'><strong>leonis</strong></span> 
     </span>
    </p>

    <p class='ocr_par' dir='ltr' id='par_1_17' title="bbox 662 1358 2476 1547">
     <span class='ocr_line' id='line_1_17' title="bbox 662 1358 2410 1442; baseline 0.001 -19"><span class='ocrx_word' id='word_1_65' title='bbox 662 1358 862 1423; x_wconf 86' lang='lat' dir='ltr'><strong>Pellis</strong></span> <span class='ocrx_word' id='word_1_66' title='bbox 891 1358 1034 1423; x_wconf 93' lang='lat' dir='ltr'><strong>obit</strong></span> <span class='ocrx_word' id='word_1_67' title='bbox 1061 1368 1298 1435; x_wconf 88' lang='lat' dir='ltr'><strong>totum,</strong></span> <span class='ocrx_word' id='word_1_68' title='bbox 1333 1358 1772 1442; x_wconf 80' lang='lat' dir='ltr'><strong>praefulgens</strong></span> <span class='ocrx_word' id='word_1_69' title='bbox 1802 1358 2141 1440; x_wconf 87' lang='lat' dir='ltr'><strong>unguibus</strong></span> <span class='ocrx_word' id='word_1_70' title='bbox 2172 1361 2410 1425; x_wconf 89' lang='lat' dir='ltr'><strong>aureis.</strong></span> 
     </span>
     <span class='ocr_line' id='line_1_18' title="bbox 748 1461 2476 1547; baseline 0.001 -21"><span class='ocrx_word' id='word_1_71' title='bbox 748 1462 962 1526; x_wconf 89' lang='lat' dir='ltr'><strong>Fama</strong></span> <span class='ocrx_word' id='word_1_72' title='bbox 989 1462 1173 1527; x_wconf 86' lang='lat' dir='ltr'><strong>volat</strong></span> <span class='ocrx_word' id='word_1_73' title='bbox 1203 1481 1481 1546; x_wconf 89' lang='lat' dir='ltr'><strong>parvam</strong></span> <span class='ocrx_word' id='word_1_74' title='bbox 1516 1461 1734 1525; x_wconf 91' lang='lat' dir='ltr'><strong>subito</strong></span> <span class='ocrx_word' id='word_1_75' title='bbox 1763 1461 2040 1545; x_wconf 88' lang='lat' dir='ltr'><strong>vulgata</strong></span> <span class='ocrx_word' id='word_1_76' title='bbox 2070 1481 2192 1547; x_wconf 90' lang='lat' dir='ltr'><strong>per</strong></span> <span class='ocrx_word' id='word_1_77' title='bbox 2221 1462 2476 1542; x_wconf 83' lang='lat' dir='ltr'><strong>urbem,</strong></span> 
     </span>
    </p>

    <p class='ocr_par' dir='ltr' id='par_1_18' title="bbox 662 1563 2228 1652">
     <span class='ocr_line' id='line_1_19' title="bbox 662 1563 2228 1652; baseline -0.001 -21"><span class='ocrx_word' id='word_1_78' title='bbox 662 1565 923 1632; x_wconf 88' lang='lat' dir='ltr'><strong>Ocius</strong></span> <span class='ocrx_word' id='word_1_79' title='bbox 903 1585 999 1630; x_wconf 78' lang='lat' dir='ltr'><strong>ire</strong></span> <span class='ocrx_word' id='word_1_80' title='bbox 1030 1567 1289 1650; x_wconf 89' lang='lat' dir='ltr'><strong>equites</strong></span> <span class='ocrx_word' id='word_1_81' title='bbox 1320 1563 1659 1652; x_wconf 90' lang='lat' dir='ltr'><strong>Tyrrheni</strong></span> <span class='ocrx_word' id='word_1_82' title='bbox 1689 1565 1775 1629; x_wconf 94' lang='lat' dir='ltr'><strong>ad</strong></span> <span class='ocrx_word' id='word_1_83' title='bbox 1808 1565 2003 1629; x_wconf 87' lang='lat' dir='ltr'><strong>litora</strong></span> <span class='ocrx_word' id='word_1_84' title='bbox 2030 1564 2228 1649; x_wconf 86' lang='lat' dir='ltr'><strong>regis.</strong></span> 
     </span>
    </p>

    <p class='ocr_par' dir='ltr' id='par_1_19' title="bbox 656 1633 2496 1755">
     <span class='ocr_line' id='line_1_20' title="bbox 656 1633 2496 1755; baseline 0.001 -19"><span class='ocrx_word' id='word_1_85' title='bbox 656 1672 838 1736; x_wconf 90' lang='lat' dir='ltr'><strong>Vota</strong></span> <span class='ocrx_word' id='word_1_86' title='bbox 867 1678 1051 1734; x_wconf 89' lang='lat' dir='ltr'><strong>metu</strong></span> <span class='ocrx_word' id='word_1_87' title='bbox 1083 1669 1433 1752; x_wconf 91' lang='lat' dir='ltr'><strong>duplicant</strong></span> <span class='ocrx_word' id='word_1_88' title='bbox 1464 1679 1732 1746; x_wconf 89' lang='lat' dir='ltr'><strong>matres,</strong></span> <span class='ocrx_word' id='word_1_89' title='bbox 1769 1670 2212 1753; x_wconf 89' lang='lat' dir='ltr'><strong>propriusque</strong></span> <span class='ocrx_word' id='word_1_90' title='bbox 2243 1633 2496 1755; x_wconf 89' lang='lat' dir='ltr'><strong>periclo</strong></span> 
     </span>
    </p>

    <p class='ocr_par' dir='ltr' id='par_1_20' title="bbox 660 1772 2348 1857">
     <span class='ocr_line' id='line_1_21' title="bbox 660 1772 2348 1857; baseline 0 -18"><span class='ocrx_word' id='word_1_91' title='bbox 660 1774 728 1839; x_wconf 94' lang='lat' dir='ltr'><strong>It</strong></span> <span class='ocrx_word' id='word_1_92' title='bbox 754 1775 969 1852; x_wconf 88' lang='lat' dir='ltr'><strong>timor,</strong></span> <span class='ocrx_word' id='word_1_93' title='bbox 1004 1782 1073 1838; x_wconf 87' lang='lat' dir='ltr'><strong>et</strong></span> <span class='ocrx_word' id='word_1_94' title='bbox 1102 1775 1314 1837; x_wconf 91' lang='lat' dir='ltr'><strong>maior</strong></span> <span class='ocrx_word' id='word_1_95' title='bbox 1348 1772 1590 1838; x_wconf 83' lang='lat' dir='ltr'><strong>Martis</strong></span> <span class='ocrx_word' id='word_1_96' title='bbox 1627 1773 1759 1837; x_wconf 93' lang='lat' dir='ltr'><strong>iam</strong></span> <span class='ocrx_word' id='word_1_97' title='bbox 1793 1781 2077 1856; x_wconf 87' lang='lat' dir='ltr'><strong>apparet</strong></span> <span class='ocrx_word' id='word_1_98' title='bbox 2106 1773 2348 1857; x_wconf 87' lang='lat' dir='ltr'><strong>imago.</strong></span> 
     </span>
    </p>

    <p class='ocr_par' dir='ltr' id='par_1_21' title="bbox 655 1876 2468 1962">
     <span class='ocr_line' id='line_1_22' title="bbox 655 1876 2468 1962; baseline 0.002 -20"><span class='ocrx_word' id='word_1_99' title='bbox 655 1879 832 1942; x_wconf 89' lang='lat' dir='ltr'><strong>Tum</strong></span> <span class='ocrx_word' id='word_1_100' title='bbox 864 1886 1057 1962; x_wconf 87' lang='lat' dir='ltr'><strong>pater</strong></span> <span class='ocrx_word' id='word_1_101' title='bbox 1090 1876 1448 1941; x_wconf 87' lang='lat' dir='ltr'><strong>Euandrus</strong></span> <span class='ocrx_word' id='word_1_102' title='bbox 1480 1877 1781 1941; x_wconf 88' lang='lat' dir='ltr'><strong>dextram</strong></span> <span class='ocrx_word' id='word_1_103' title='bbox 1812 1877 2201 1960; x_wconf 88' lang='lat' dir='ltr'><strong>complexus</strong></span> <span class='ocrx_word' id='word_1_104' title='bbox 2230 1888 2468 1945; x_wconf 90' lang='lat' dir='ltr'><strong>euntes</strong></span> 
     </span>
    </p>

    <p class='ocr_par' dir='ltr' id='par_1_22' title="bbox 660 1980 2308 2066">
     <span class='ocr_line' id='line_1_23' title="bbox 660 1980 2308 2066; baseline 0 -19"><span class='ocrx_word' id='word_1_105' title='bbox 660 1983 938 2059; x_wconf 89' lang='lat' dir='ltr'><strong>Haeret,</strong></span> <span class='ocrx_word' id='word_1_106' title='bbox 971 1980 1349 2066; x_wconf 87' lang='lat' dir='ltr'><strong>inexpletus</strong></span> <span class='ocrx_word' id='word_1_107' title='bbox 1379 1980 1754 2065; x_wconf 65' lang='lat' dir='ltr'><strong>lacrimanS,</strong></span> <span class='ocrx_word' id='word_1_108' title='bbox 1788 2001 1866 2045; x_wconf 92' lang='lat' dir='ltr'><strong>ac</strong></span> <span class='ocrx_word' id='word_1_109' title='bbox 1897 1981 2059 2045; x_wconf 86' lang='lat' dir='ltr'><strong>talia</strong></span> <span class='ocrx_word' id='word_1_110' title='bbox 2087 1981 2308 2047; x_wconf 84' lang='lat' dir='ltr'><strong>fatur:</strong></span> 
     </span>
    </p>

    <p class='ocr_par' dir='ltr' id='par_1_23' title="bbox 660 2082 2378 2169">
     <span class='ocr_line' id='line_1_24' title="bbox 660 2082 2378 2169; baseline 0 -18"><span class='ocrx_word' id='word_1_111' title='bbox 660 2091 699 2119; x_wconf 88' lang='lat'><strong>“</strong></span> <span class='ocrx_word' id='word_1_112' title='bbox 720 2086 782 2152; x_wconf 92' lang='lat' dir='ltr'>O</span> <span class='ocrx_word' id='word_1_113' title='bbox 816 2084 980 2150; x_wconf 91' lang='lat' dir='ltr'><strong>mihi</strong></span> <span class='ocrx_word' id='word_1_114' title='bbox 1011 2084 1406 2169; x_wconf 89' lang='lat' dir='ltr'><strong>praeteritos</strong></span> <span class='ocrx_word' id='word_1_115' title='bbox 1437 2085 1689 2150; x_wconf 85' lang='lat' dir='ltr'><strong>referat</strong></span> <span class='ocrx_word' id='word_1_116' title='bbox 1719 2082 1775 2150; x_wconf 92' lang='lat' dir='ltr'><strong>si</strong></span> <span class='ocrx_word' id='word_1_117' title='bbox 1809 2084 2116 2168; x_wconf 89' lang='lat' dir='ltr'><strong>Iuppiter</strong></span> <span class='ocrx_word' id='word_1_118' title='bbox 2145 2106 2378 2165; x_wconf 92' lang='lat' dir='ltr'><strong>annos,</strong></span> 
     </span>
    </p>

    <p class='ocr_par' dir='ltr' id='par_1_24' title="bbox 657 2188 2628 2275">
     <span class='ocr_line' id='line_1_25' title="bbox 657 2188 2628 2275; baseline 0.001 -21"><span class='ocrx_word' id='word_1_119' title='bbox 657 2190 894 2273; x_wconf 82' lang='lat' dir='ltr'><strong>Qualis</strong></span> <span class='ocrx_word' id='word_1_120' title='bbox 924 2206 1128 2267; x_wconf 87' lang='lat' dir='ltr'><strong>eram,</strong></span> <span class='ocrx_word' id='word_1_121' title='bbox 1173 2208 1327 2255; x_wconf 92' lang='lat' dir='ltr'><strong>cum</strong></span> <span class='ocrx_word' id='word_1_122' title='bbox 1361 2190 1648 2272; x_wconf 90' lang='lat' dir='ltr'><strong>primam</strong></span> <span class='ocrx_word' id='word_1_123' title='bbox 1679 2188 1892 2253; x_wconf 87' lang='lat' dir='ltr'><strong>aciem</strong></span> <span class='ocrx_word' id='word_1_124' title='bbox 1928 2189 2289 2254; x_wconf 88' lang='lat' dir='ltr'><strong>Praeneste</strong></span> <span class='ocrx_word' id='word_1_125' title='bbox 2320 2190 2447 2255; x_wconf 92' lang='lat' dir='ltr'><strong>sub</strong></span> <span class='ocrx_word' id='word_1_126' title='bbox 2476 2192 2628 2275; x_wconf 84' lang='lat' dir='ltr'><strong>ipsa</strong></span> 
     </span>
    </p>

    <p class='ocr_par' dir='ltr' id='par_1_25' title="bbox 657 2292 2260 2375">
     <span class='ocr_line' id='line_1_26' title="bbox 657 2292 2260 2375; baseline -0.001 -16"><span class='ocrx_word' id='word_1_127' title='bbox 657 2293 878 2359; x_wconf 88' lang='lat' dir='ltr'><strong>Stravi</strong></span> <span class='ocrx_word' id='word_1_128' title='bbox 909 2302 1385 2375; x_wconf 87' lang='lat' dir='ltr'><strong>scutorumque</strong></span> <span class='ocrx_word' id='word_1_129' title='bbox 1427 2292 1696 2356; x_wconf 88' lang='lat' dir='ltr'><strong>incendi</strong></span> <span class='ocrx_word' id='word_1_130' title='bbox 1726 2293 1939 2356; x_wconf 89' lang='lat' dir='ltr'><strong>victor</strong></span> <span class='ocrx_word' id='word_1_131' title='bbox 1967 2311 2260 2370; x_wconf 87' lang='lat' dir='ltr'><strong>acervos,</strong></span> 
     </span>
    </p>

    <p class='ocr_par' dir='ltr' id='par_1_26' title="bbox 658 2395 2416 2481">
     <span class='ocr_line' id='line_1_27' title="bbox 658 2395 2416 2481; baseline -0.001 -19"><span class='ocrx_word' id='word_1_132' title='bbox 658 2398 749 2462; x_wconf 92' lang='lat' dir='ltr'><strong>Et</strong></span> <span class='ocrx_word' id='word_1_133' title='bbox 775 2417 1004 2481; x_wconf 87' lang='lat' dir='ltr'><strong>regem</strong></span> <span class='ocrx_word' id='word_1_134' title='bbox 1037 2397 1165 2461; x_wconf 89' lang='lat' dir='ltr'><strong>hac</strong></span> <span class='ocrx_word' id='word_1_135' title='bbox 1202 2396 1482 2459; x_wconf 91' lang='lat' dir='ltr'><strong>Erulum</strong></span> <span class='ocrx_word' id='word_1_136' title='bbox 1516 2396 1748 2460; x_wconf 88' lang='lat' dir='ltr'><strong>dextra</strong></span> <span class='ocrx_word' id='word_1_137' title='bbox 1780 2395 1905 2460; x_wconf 91' lang='lat' dir='ltr'><strong>sub</strong></span> <span class='ocrx_word' id='word_1_138' title='bbox 1935 2396 2220 2460; x_wconf 88' lang='lat' dir='ltr'><strong>Tartara</strong></span> <span class='ocrx_word' id='word_1_139' title='bbox 2249 2397 2416 2475; x_wconf 92' lang='lat' dir='ltr'><strong>misi,</strong></span> 
     </span>
    </p>

    <p class='ocr_par' dir='ltr' id='par_1_27' title="bbox 657 2499 2253 2566">
     <span class='ocr_line' id='line_1_28' title="bbox 657 2499 2253 2566; baseline -0.001 -1"><span class='ocrx_word' id='word_1_140' title='bbox 657 2502 985 2566; x_wconf 89' lang='lat' dir='ltr'><strong>Nascenti</strong></span> <span class='ocrx_word' id='word_1_141' title='bbox 1014 2499 1123 2565; x_wconf 93' lang='lat' dir='ltr'><strong>cui</strong></span> <span class='ocrx_word' id='word_1_142' title='bbox 1154 2510 1291 2564; x_wconf 91' lang='lat' dir='ltr'><strong>tres</strong></span> <span class='ocrx_word' id='word_1_143' title='bbox 1324 2499 1582 2563; x_wconf 91' lang='lat' dir='ltr'><strong>animas</strong></span> <span class='ocrx_word' id='word_1_144' title='bbox 1617 2499 1903 2564; x_wconf 87' lang='lat' dir='ltr'><strong>Feronia</strong></span> <span class='ocrx_word' id='word_1_145' title='bbox 1935 2508 2147 2564; x_wconf 91' lang='lat' dir='ltr'><strong>mater</strong></span> <span class='ocrx_word' id='word_1_146' title='bbox 2165 2538 2253 2547; x_wconf 94' lang='lat'>—</span> 
     </span>
    </p>

    <p class='ocr_par' dir='ltr' id='par_1_28' title="bbox 662 2603 2630 2684">
     <span class='ocr_line' id='line_1_29' title="bbox 662 2603 2630 2684; baseline 0.001 -16"><span class='ocrx_word' id='word_1_147' title='bbox 662 2604 1091 2669; x_wconf 88' lang='lat' dir='ltr'><strong>Horrendum</strong></span> <span class='ocrx_word' id='word_1_148' title='bbox 1123 2605 1308 2668; x_wconf 89' lang='lat' dir='ltr'><strong>dictu</strong></span> <span class='ocrx_word' id='word_1_149' title='bbox 1326 2639 1417 2650; x_wconf 89' lang='lat'>—</span> <span class='ocrx_word' id='word_1_150' title='bbox 1434 2603 1712 2668; x_wconf 89' lang='lat' dir='ltr'><strong>dederat</strong></span> <span class='ocrx_word' id='word_1_151' title='bbox 1731 2640 1818 2651; x_wconf 93' lang='lat'><strong>——</strong></span> <span class='ocrx_word' id='word_1_152' title='bbox 1839 2612 2033 2667; x_wconf 89' lang='lat' dir='ltr'><strong>terna</strong></span> <span class='ocrx_word' id='word_1_153' title='bbox 2063 2624 2250 2668; x_wconf 92' lang='lat' dir='ltr'><strong>arma</strong></span> <span class='ocrx_word' id='word_1_154' title='bbox 2279 2604 2630 2684; x_wconf 82' lang='lat' dir='ltr'><strong>movenda,</strong></span> 
     </span>
    </p>

    <p class='ocr_par' dir='ltr' id='par_1_29' title="bbox 657 2707 2463 2784">
     <span class='ocr_line' id='line_1_30' title="bbox 657 2707 2463 2784; baseline 0.001 -13"><span class='ocrx_word' id='word_1_155' title='bbox 657 2708 793 2771; x_wconf 89' lang='lat' dir='ltr'><strong>Ter</strong></span> <span class='ocrx_word' id='word_1_156' title='bbox 822 2707 957 2772; x_wconf 91' lang='lat' dir='ltr'><strong>leto</strong></span> <span class='ocrx_word' id='word_1_157' title='bbox 989 2707 1392 2773; x_wconf 90' lang='lat' dir='ltr'><strong>sternendus</strong></span> <span class='ocrx_word' id='word_1_158' title='bbox 1422 2717 1609 2784; x_wconf 81' lang='lat' dir='ltr'><strong>erat3</strong></span> <span class='ocrx_word' id='word_1_159' title='bbox 1656 2707 1765 2772; x_wconf 91' lang='lat' dir='ltr'><strong>cui</strong></span> <span class='ocrx_word' id='word_1_160' title='bbox 1793 2716 1937 2771; x_wconf 89' lang='lat' dir='ltr'><strong>tum</strong></span> <span class='ocrx_word' id='word_1_161' title='bbox 1968 2717 2197 2772; x_wconf 90' lang='lat' dir='ltr'><strong>tamen</strong></span> <span class='ocrx_word' id='word_1_162' title='bbox 2228 2728 2463 2773; x_wconf 91' lang='lat' dir='ltr'><strong>omnes</strong></span> 
     </span>
    </p>

    <p class='ocr_par' dir='ltr' id='par_1_30' title="bbox 659 2809 2609 2891">
     <span class='ocr_line' id='line_1_31' title="bbox 659 2809 2609 2891; baseline 0.001 -17"><span class='ocrx_word' id='word_1_163' title='bbox 659 2809 960 2877; x_wconf 86' lang='lat' dir='ltr'><strong>Abstulit</strong></span> <span class='ocrx_word' id='word_1_164' title='bbox 988 2812 1157 2876; x_wconf 86' lang='lat' dir='ltr'><strong>haec</strong></span> <span class='ocrx_word' id='word_1_165' title='bbox 1189 2813 1448 2875; x_wconf 91' lang='lat' dir='ltr'><strong>animas</strong></span> <span class='ocrx_word' id='word_1_166' title='bbox 1479 2810 1733 2888; x_wconf 89' lang='lat' dir='ltr'><strong>dextra,</strong></span> <span class='ocrx_word' id='word_1_167' title='bbox 1767 2821 1837 2875; x_wconf 89' lang='lat' dir='ltr'><strong>et</strong></span> <span class='ocrx_word' id='word_1_168' title='bbox 1866 2811 2145 2875; x_wconf 89' lang='lat' dir='ltr'><strong>totidem</strong></span> <span class='ocrx_word' id='word_1_169' title='bbox 2176 2811 2357 2876; x_wconf 85' lang='lat' dir='ltr'><strong>exuit</strong></span> <span class='ocrx_word' id='word_1_170' title='bbox 2387 2811 2609 2891; x_wconf 91' lang='lat' dir='ltr'><strong>armis,</strong></span> 
     </span>
    </p>

    <p class='ocr_par' dir='ltr' id='par_1_31' title="bbox 661 2914 2441 2999">
     <span class='ocr_line' id='line_1_32' title="bbox 661 2914 2441 2999; baseline 0 -20"><span class='ocrx_word' id='word_1_171' title='bbox 661 2915 816 2979; x_wconf 94' lang='lat' dir='ltr'><strong>Non</strong></span> <span class='ocrx_word' id='word_1_172' title='bbox 846 2934 975 2998; x_wconf 84' lang='lat' dir='ltr'><strong>ego</strong></span> <span class='ocrx_word' id='word_1_173' title='bbox 994 2936 1174 2980; x_wconf 91' lang='lat' dir='ltr'><strong>nunc</strong></span> <span class='ocrx_word' id='word_1_174' title='bbox 1206 2914 1386 2980; x_wconf 91' lang='lat' dir='ltr'><strong>dulci</strong></span> <span class='ocrx_word' id='word_1_175' title='bbox 1415 2914 1729 2999; x_wconf 89' lang='lat' dir='ltr'><strong>amplexu</strong></span> <span class='ocrx_word' id='word_1_176' title='bbox 1761 2914 2109 2979; x_wconf 89' lang='lat' dir='ltr'><strong>divellerer</strong></span> <span class='ocrx_word' id='word_1_177' title='bbox 2139 2935 2441 2998; x_wconf 89' lang='lat' dir='ltr'><strong>usquam,</strong></span> 
     </span>
    </p>

    <p class='ocr_par' dir='ltr' id='par_1_32' title="bbox 659 3018 2350 3104">
     <span class='ocr_line' id='line_1_33' title="bbox 659 3018 2350 3104; baseline -0.001 -21"><span class='ocrx_word' id='word_1_178' title='bbox 659 3019 855 3098; x_wconf 90' lang='lat' dir='ltr'><strong>Nate,</strong></span> <span class='ocrx_word' id='word_1_179' title='bbox 887 3029 1021 3097; x_wconf 88' lang='lat' dir='ltr'><strong>tuo,</strong></span> <span class='ocrx_word' id='word_1_180' title='bbox 1058 3040 1276 3104; x_wconf 88' lang='lat' dir='ltr'><strong>neque</strong></span> <span class='ocrx_word' id='word_1_181' title='bbox 1309 3020 1591 3084; x_wconf 89' lang='lat' dir='ltr'><strong>finitimo</strong></span> <span class='ocrx_word' id='word_1_182' title='bbox 1625 3018 2001 3083; x_wconf 89' lang='lat' dir='ltr'><strong>Mezentius</strong></span> <span class='ocrx_word' id='word_1_183' title='bbox 2033 3038 2350 3101; x_wconf 89' lang='lat' dir='ltr'><strong>umquam</strong></span> 
     </span>
    </p>

    <p class='ocr_par' dir='ltr' id='par_1_33' title="bbox 659 3121 2349 3210">
     <span class='ocr_line' id='line_1_34' title="bbox 659 3121 2349 3210; baseline -0.001 -22"><span class='ocrx_word' id='word_1_184' title='bbox 659 3124 839 3191; x_wconf 89' lang='lat' dir='ltr'><strong>Huic</strong></span> <span class='ocrx_word' id='word_1_185' title='bbox 871 3125 1078 3210; x_wconf 90' lang='lat' dir='ltr'><strong>capiti</strong></span> <span class='ocrx_word' id='word_1_186' title='bbox 1109 3124 1441 3189; x_wconf 89' lang='lat' dir='ltr'><strong>insultans</strong></span> <span class='ocrx_word' id='word_1_187' title='bbox 1471 3132 1575 3187; x_wconf 93' lang='lat' dir='ltr'><strong>tot</strong></span> <span class='ocrx_word' id='word_1_188' title='bbox 1603 3123 1783 3187; x_wconf 82' lang='lat' dir='ltr'><strong>ferro</strong></span> <span class='ocrx_word' id='word_1_189' title='bbox 1821 3142 2024 3186; x_wconf 88' lang='lat' dir='ltr'><strong>saeva</strong></span> <span class='ocrx_word' id='word_1_190' title='bbox 2054 3121 2349 3186; x_wconf 90' lang='lat' dir='ltr'><strong>dedisset</strong></span> 
     </span>
    </p>

    <p class='ocr_par' dir='ltr' id='par_1_34' title="bbox 658 3225 2312 3306">
     <span class='ocr_line' id='line_1_35' title="bbox 658 3225 2312 3306; baseline 0 -15"><span class='ocrx_word' id='word_1_191' title='bbox 658 3229 943 3306; x_wconf 85' lang='lat' dir='ltr'><strong>Funera,</strong></span> <span class='ocrx_word' id='word_1_192' title='bbox 976 3237 1112 3293; x_wconf 88' lang='lat' dir='ltr'><strong>tam</strong></span> <span class='ocrx_word' id='word_1_193' title='bbox 1145 3228 1373 3293; x_wconf 90' lang='lat' dir='ltr'><strong>multis</strong></span> <span class='ocrx_word' id='word_1_194' title='bbox 1403 3227 1748 3292; x_wconf 88' lang='lat' dir='ltr'><strong>viduasset</strong></span> <span class='ocrx_word' id='word_1_195' title='bbox 1776 3225 2030 3290; x_wconf 88' lang='lat' dir='ltr'><strong>civibus</strong></span> <span class='ocrx_word' id='word_1_196' title='bbox 2060 3226 2312 3291; x_wconf 84' lang='lat' dir='ltr'><strong>urbem.</strong></span> 
     </span>
    </p>
   </div>
   <div class='ocr_carea' id='block_1_9' title="bbox 606 3329 2302 3417">
    <p class='ocr_par' dir='ltr' id='par_1_35' title="bbox 606 3329 2302 3417">
     <span class='ocr_line' id='line_1_36' title="bbox 606 3329 2302 3417; baseline -0.001 -21"><span class='ocrx_word' id='word_1_197' title='bbox 606 3372 613 3383; x_wconf 91' lang='lat'>-</span> <span class='ocrx_word' id='word_1_198' title='bbox 656 3333 754 3398; x_wconf 92' lang='lat' dir='ltr'><strong>At</strong></span> <span class='ocrx_word' id='word_1_199' title='bbox 782 3353 919 3411; x_wconf 88' lang='lat' dir='ltr'><strong>vos,</strong></span> <span class='ocrx_word' id='word_1_200' title='bbox 955 3354 995 3398; x_wconf 94' lang='lat' dir='ltr'><strong>o</strong></span> <span class='ocrx_word' id='word_1_201' title='bbox 1027 3335 1271 3417; x_wconf 87' lang='lat' dir='ltr'><strong>superi,</strong></span> <span class='ocrx_word' id='word_1_202' title='bbox 1305 3341 1375 3397; x_wconf 90' lang='lat' dir='ltr'><strong>et</strong></span> <span class='ocrx_word' id='word_1_203' title='bbox 1404 3331 1633 3396; x_wconf 88' lang='lat' dir='ltr'><strong>divum</strong></span> <span class='ocrx_word' id='word_1_204' title='bbox 1663 3340 1738 3395; x_wconf 91' lang='lat' dir='ltr'><strong>tu</strong></span> <span class='ocrx_word' id='word_1_205' title='bbox 1769 3329 2054 3394; x_wconf 91' lang='lat' dir='ltr'><strong>maxime</strong></span> <span class='ocrx_word' id='word_1_206' title='bbox 2082 3339 2302 3395; x_wconf 89' lang='lat' dir='ltr'><strong>rector</strong></span> 
     </span>
    </p>
   </div>
   <div class='ocr_carea' id='block_1_10' title="bbox 485 3666 578 3720">
    <p class='ocr_par' dir='ltr' id='par_1_36' title="bbox 485 3666 578 3720">
     <span class='ocr_line' id='line_1_37' title="bbox 485 3666 578 3720; baseline 0 -1"><span class='ocrx_word' id='word_1_207' title='bbox 485 3666 578 3720; x_wconf 88' lang='grc'><strong>575</strong></span> 
     </span>
    </p>
   </div>
   <div class='ocr_carea' id='block_1_11' title="bbox 660 3433 2354 3821">
    <p class='ocr_par' dir='ltr' id='par_1_37' title="bbox 660 3433 2354 3821">
     <span class='ocr_line' id='line_1_38' title="bbox 660 3433 2283 3525; baseline -0.001 -26"><span class='ocrx_word' id='word_1_208' title='bbox 660 3436 981 3520; x_wconf 89' lang='lat' dir='ltr'><strong>Iuppiter,</strong></span> <span class='ocrx_word' id='word_1_209' title='bbox 1015 3437 1308 3515; x_wconf 90' lang='lat' dir='ltr'><strong>Arcadii,</strong></span> <span class='ocrx_word' id='word_1_210' title='bbox 1344 3456 1615 3525; x_wconf 88' lang='lat' dir='ltr'><strong>quaeso,</strong></span> <span class='ocrx_word' id='word_1_211' title='bbox 1651 3434 2058 3499; x_wconf 90' lang='lat' dir='ltr'><strong>miserescite</strong></span> <span class='ocrx_word' id='word_1_212' title='bbox 2089 3433 2283 3517; x_wconf 80' lang='lat' dir='ltr'><strong>regiS,</strong></span> 
     </span>
     <span class='ocr_line' id='line_1_39' title="bbox 661 3539 2300 3625; baseline -0.002 -21"><span class='ocrx_word' id='word_1_213' title='bbox 661 3541 747 3604; x_wconf 92' lang='lat' dir='ltr'><strong>Et</strong></span> <span class='ocrx_word' id='word_1_214' title='bbox 781 3541 1026 3625; x_wconf 87' lang='lat' dir='ltr'><strong>patrias</strong></span> <span class='ocrx_word' id='word_1_215' title='bbox 1057 3542 1280 3607; x_wconf 91' lang='lat' dir='ltr'><strong>audite</strong></span> <span class='ocrx_word' id='word_1_216' title='bbox 1313 3560 1567 3624; x_wconf 89' lang='lat' dir='ltr'><strong>preces.</strong></span> <span class='ocrx_word' id='word_1_217' title='bbox 1666 3539 1740 3622; x_wconf 86' lang='lat' dir='ltr'><strong>Si</strong></span> <span class='ocrx_word' id='word_1_218' title='bbox 1770 3539 2046 3602; x_wconf 91' lang='lat' dir='ltr'><strong>numina</strong></span> <span class='ocrx_word' id='word_1_219' title='bbox 2076 3548 2300 3602; x_wconf 89' lang='lat' dir='ltr'><strong>vestra</strong></span> 
     </span>
     <span class='ocr_line' id='line_1_40' title="bbox 662 3642 2354 3719; baseline -0.002 -12"><span class='ocrx_word' id='word_1_220' title='bbox 662 3645 1074 3710; x_wconf 89' lang='lat' dir='ltr'><strong>Incolumem</strong></span> <span class='ocrx_word' id='word_1_221' title='bbox 1111 3645 1414 3709; x_wconf 91' lang='lat' dir='ltr'><strong>Pallanta</strong></span> <span class='ocrx_word' id='word_1_222' title='bbox 1445 3643 1626 3719; x_wconf 88' lang='lat' dir='ltr'><strong>mihi,</strong></span> <span class='ocrx_word' id='word_1_223' title='bbox 1661 3642 1718 3706; x_wconf 91' lang='lat' dir='ltr'><strong>si</strong></span> <span class='ocrx_word' id='word_1_224' title='bbox 1750 3642 1893 3705; x_wconf 84' lang='lat' dir='ltr'><strong>fata</strong></span> <span class='ocrx_word' id='word_1_225' title='bbox 1924 3651 2285 3719; x_wconf 85' lang='lat' dir='ltr'><strong>reservant,</strong></span> <span class='ocrx_word' id='word_1_226' title='bbox 2351 3682 2354 3683; x_wconf 25' lang='grc' dir='ltr'><em>ν</em></span> 
     </span>
     <span class='ocr_line' id='line_1_41' title="bbox 661 3747 2200 3821; baseline -0.005 -7"><span class='ocrx_word' id='word_1_227' title='bbox 661 3748 732 3814; x_wconf 85' lang='lat' dir='ltr'><strong>Si</strong></span> <span class='ocrx_word' id='word_1_228' title='bbox 762 3748 1022 3814; x_wconf 87' lang='lat' dir='ltr'><strong>visurus</strong></span> <span class='ocrx_word' id='word_1_229' title='bbox 1052 3770 1206 3814; x_wconf 89' lang='lat' dir='ltr'><strong>eum</strong></span> <span class='ocrx_word' id='word_1_230' title='bbox 1237 3749 1389 3813; x_wconf 88' lang='lat' dir='ltr'><strong>vivo</strong></span> <span class='ocrx_word' id='word_1_231' title='bbox 1420 3756 1491 3811; x_wconf 89' lang='lat' dir='ltr'><strong>et</strong></span> <span class='ocrx_word' id='word_1_232' title='bbox 1520 3755 1842 3811; x_wconf 88' lang='lat' dir='ltr'><strong>venturus</strong></span> <span class='ocrx_word' id='word_1_233' title='bbox 1870 3747 1939 3808; x_wconf 90' lang='lat' dir='ltr'><strong>in</strong></span> <span class='ocrx_word' id='word_1_234' title='bbox 1975 3764 2200 3821; x_wconf 91' lang='lat' dir='ltr'><strong>unum,</strong></span> 
     </span>
    </p>
   </div>
   <div class='ocr_carea' id='block_1_12' title="bbox 2938 244 2945 1586">
    <p class='ocr_par' dir='ltr' id='par_1_38' title="bbox 2938 244 2945 1586">
     <span class='ocr_line' id='line_1_42' title="bbox 2938 244 2945 1586; baseline 0 0"><span class='ocrx_word' id='word_1_235' title='bbox 2938 244 2945 1586; x_wconf 95' lang='lat' dir='ltr'><strong> </strong></span> 
     </span>
    </p>
   </div>
  </div>
 </body>
</html>
