3015 4288
383 888 479 941 ¹25

387 1410 485 1460 130

392 1920 487 1973 135

397 2440 497 2490 140

400 2958 494 3013 145

1189 263 1421 323 LIBER
1472 262 1819 335 Qumrus
2482 271 2603 338 129

567 444 1076 530 Sergestumque,
1110 447 1349 509 domus
1379 455 1564 510 tenet
1594 467 1636 510 a
1666 468 1799 529 quo
1833 447 2070 530 Sergia
2100 467 2364 521 nomen,

565 548 906 614 Centauro
936 550 1270 613 invehitur
1303 570 1568 631 magna,
1605 551 1962 635 Scyllaque
1994 550 2363 616 Cloanthus

564 654 910 731 Caerulea,
946 674 1162 735 genus
1194 654 1371 717 unde
1403 654 1543 731 tibi,
1581 655 1886 717 Romane
1918 653 2204 723 Cluenti,

656 757 780 821 Est
809 758 1043 841 procul
1075 757 1141 820 in
1176 759 1418 840 pelago
1451 778 1685 821 saxum
1718 757 2101 841 spumantia
2131 767 2361 821 contra

568 860 817 938 Litora,
852 862 1033 944 quod
1066 862 1337 924 tumidis
1369 881 1814 925 summersum
1845 861 2148 924 tunditur
2184 862 2342 923 olim

568 965 935 1042 Fluctibus,
971 965 1234 1030 hiberni
1264 966 1566 1029 condunt
1596 965 1713 1029 ubi
1743 960 1966 1030 sidera*
1995 965 2187 1043 Cori3

565 1069 955 1153 Tranquillo
990 1069 1159 1147 silet,
1194 1069 1603 1153 immotaque
1635 1070 1958 1134 attollitur
1987 1070 2170 1133 unda

568 1173 866 1257 Campus
896 1183 966 1237 et
994 1175 1240 1257 apricis
1272 1173 1471 1237 statio
1503 1174 1885 1256 gratissima
1916 1176 2179 1255 mergis,

572 1277 707 1341 Hic
736 1277 1015 1341 viridem
1049 1278 1327 1341 Aeneas
1357 1277 1701 1342 frondenti
1729 1299 1812 1341 ex
1840 1278 1991 1342 ilice
2033 1288 2277 1341 metam

572 1380 935 1445 Constituit
966 1383 1232 1464 signum
1266 1381 1487 1445 nautis
1520 1392 1731 1465 pater,
1765 1383 1945 1445 unde
1975 1381 2218 1446 reverti

572 1484 833 1548 Scirent
863 1495 931 1548 et
963 1486 1200 1568 longos
1231 1487 1346 1548 ubi
1379 1485 1902 1550 circumflectere
1935 1506 2183 1550 cursus.

570 1589 745 1652 Turn
775 1589 924 1652 loca
956 1599 1135 1653 sorte
1166 1589 1418 1672 legunt,
1452 1588 1716 1672 ipsique
1744 1591 1814 1653 in
1847 1589 2186 1673 puppibus
2220 1609 2382 1654 auro

575 1693 904 1756 Ductores
935 1693 1137 1775 longe
1166 1692 1503 1775 effulgent
1535 1704 1849 1777 ostroque
1880 1692 2140 1769 decori3

572 1796 812 1860 Cetera
840 1795 1134 1880 populea
1162 1796 1422 1859 velatur
1453 1797 1697 1861 fronde
1727 1796 2037 1861 iuventus

574 1899 1017 1982 Nudatosque
1047 1920 1314 1964 umeros
1345 1902 1494 1964 oleo
1528 1902 1805 1984 perfusa
1835 1902 2116 1966 nitescit.

574 2003 950 2068 Considunt
977 2004 1306 2082 transtriS,
1342 2004 1735 2087 intentaque
1767 2004 2078 2068 bracchia
2110 2008 2343 2082 remis3

575 2108 827 2172 Intenti
857 2117 1255 2192 exspectant
1285 2110 1576 2191 signum,
1610 2108 2143 2193 exsultantiaque
2175 2109 2397 2175 haurit

573 2212 795 2277 Corda
824 2233 1036 2297 pavor
1068 2213 1345 2296 pulsans
1377 2212 1784 2296 laudumque
1816 2223 2073 2277 arrecta
2102 2215 2364 2295 cupido.

664 2315 852 2394 Inde,
886 2316 1004 2379 ubi
1035 2318 1215 2380 clara
1248 2317 1434 2381 dedit
1465 2316 1756 2380 sonitum
1791 2316 1970 2393 tuba,
2006 2317 2250 2381 finibus
2281 2338 2533 2396 omnes²

578 2419 785 2484 Haud
816 2441 1019 2498 mora,
1054 2420 1423 2505 prosiluere
1457 2420 1594 2484 suis
1616 2423 1643 2497 ;'
1679 2420 1837 2483 ferit
1867 2421 2141 2485 aethera
2170 2421 2418 2484 clamor

577 2523 923 2602 Nauticus,
957 2523 1264 2588 adductis
1296 2534 1615 2607 spumant
1644 2524 1822 2588 freta
1851 2544 2045 2588 versa
2076 2525 2359 2587 lacertiS.

579 2626 926 2691 Infindunt
957 2627 1205 2711 pariter
1238 2628 1478 2705 sulcOS,
1513 2638 1861 2711 totumque
1893 2627 2175 2691 dehiscit

575 2730 988 2796 Convulsum
1020 2732 1220 2796 remis
1253 2732 1617 2815 rostrisque
1649 2731 2047 2796 tridentibus
2076 2752 2344 2814 aequor.

580 2835 735 2898 Non
765 2845 904 2899 tarn
936 2836 1340 2920 praecipites
1372 2835 1602 2918 biiugo
1636 2837 1994 2900 certamine
2027 2855 2338 2917 campum

578 2938 976 3022 Corripuere
1005 2949 1341 3023 ruuntque
1371 2939 1576 3003 effusi
1607 2959 1872 3002 carcere
1903 2958 2154 3015 curruS,
2304 2923 2313 2940 ⁸

581 3042 725 3106 Nec
758 3042 854 3107 sic
883 3042 1197 3107 immissis
1227 3043 1499 3126 aurigae
1528 3042 1854 3106 undantia
1884 3042 2025 3106 lora

579 3146 998 3212 Concussere
1028 3147 1201 3231 iugis
1233 3147 1562 3231 pronique
1592 3149 1662 3212 in
1693 3147 1972 3211 verbera
2003 3147 2319 3230 pendent.

578 3250 755 3314 Tum
787 3250 1029 3335 plausu
1062 3252 1470 3335 fremituque
1501 3251 1718 3315 virum
1751 3251 2119 3334 studiisque
2149 3253 2496 3314 faventum

583 3354 926 3420 Consonat
956 3376 1156 3420 omne
1187 3377 1445 3434 nemus,
1479 3376 1848 3439 vocemque
1879 3356 2137 3420 inclusa
2167 3355 2470 3417 volutant

406 3478 505 3532 150
583 3458 829 3537 Litora,
866 3460 1112 3543 pulsati
1143 3461 1346 3525 colles
1378 3461 1670 3524 clamore
1701 3461 2041 3524 resultant.

671 3562 934 3646 Effugit
964 3575 1119 3628 ante
1153 3564 1317 3628 alios
1350 3565 1714 3647 primisque
1745 3565 2028 3628 elabitur
2058 3564 2255 3628 undis

580 3665 878 3731 Turbam
926 3669 1097 3732 inter
1143 3668 1619 3751 fremitumque
1667 3669 1886 3754 Gyas;
1937 3688 2135 3752 quem
2183 3669 2425 3732 deinde
2474 3667 2617 3733 Clo-

757 3775 1001 3836 anthus

758 3869 993 3932 xmazn’s
1021 3896 1227 3934 AENEm
1238 3911 1307 3923 —
1318 3898 1354 3946 9
