3015 4288
469 296 492 342 1
505 282 592 344 80
1174 282 1493 337 VERGILI
1548 282 1709 335 AEN
1716 283 1789 334 ΕΙ
1799 282 1951 336 Dos

639 462 937 545 Campus
967 470 1127 544 aget
1156 455 1482 544 gemitus!
1531 460 1640 525 vel
1671 480 1862 544 quae,
1898 460 2229 538 Tiberine,
2262 458 2524 526 videbis

639 566 925 642 Funera,
959 585 1113 630 cum
1146 564 1476 628 tumulum
1511 563 2007 648 praeterlabere
2040 564 2418 629 recentem!

460 680 560 749 8⁷5
646 669 791 735 Nec
825 689 991 753 puer
1026 667 1234 733 Iliaca
1264 667 1618 753 quisquam
1650 667 1735 733 de
1765 677 1967 749 gente
2003 668 2283 733 Latinos

644 773 726 838 In
758 782 1018 836 tantum
1052 791 1175 855 spe
1205 769 1397 836 tollet
1425 791 1607 848 avos,
1641 791 1767 837 nec
1803 771 2094 836 Romula
2124 773 2463 855 quondam

642 877 802 945 Ullo
835 897 908 942 se
939 886 1202 940 tanturn
1233 874 1431 941 tellus
1462 873 1736 940 iactabit
1765 876 2054 940 alumno.

643 981 801 1047 Heu
833 979 1066 1063 pietaS,
1100 979 1235 1044 heu
1266 979 1489 1063 prisca
1519 978 1706 1056 fides,
1738 979 2120 1063 invictaque
2149 978 2327 1045 bello

644 1084 933 1151 Dextra!
982 1104 1120 1148 non
1149 1082 1245 1148 illi
1275 1103 1350 1148 se
1380 1083 1734 1167 quisquam
1764 1082 2039 1165 impune
2067 1082 2335 1149 tulisset

459 1201 562 1255 88ο
642 1188 903 1256 Obvius
934 1197 1210 1266 armato,
1244 1208 1365 1252 seu
1395 1208 1548 1251 cum
1581 1186 1793 1271 pedes
1821 1187 1950 1250 iret
1979 1185 2047 1250 in
2082 1187 2363 1265 hostem,

640 1293 777 1360 Seu
809 1291 1186 1376 spumantis
1213 1292 1371 1376 equi
1404 1291 1669 1355 foderet
1698 1289 2071 1355 calcaribus
2100 1310 2342 1357 armos.

644 1397 804 1462 Heu
835 1395 1212 1460 miserande
1243 1395 1448 1480 puer!
1496 1396 1555 1458 si
1586 1414 1720 1479 qua
1750 1394 1897 1458 fata
1927 1414 2170 1478 aspera
2200 1414 2493 1478 rumpas,

642 1501 749 1566 Tu
785 1500 1148 1566 Marcellus
1177 1499 1329 1566 eris,
1425 1498 1747 1564 Manibus
1778 1498 1936 1563 date
1965 1497 2103 1562 lilia
2134 1498 2370 1582 pleniS,

647 1607 1024 1689 Purpureos
1054 1624 1373 1689 spargam
1404 1602 1622 1680 floreS,
1655 1602 2085 1686 animamque
2116 1603 2384 1686 nepotis

465 1720 564 1788 885
650 1709 782 1775 His
815 1710 1051 1774 saltem
1086 1707 1501 1772 accumulem
1533 1706 1748 1783 donis,
1780 1715 1851 1772 et
1880 1704 2132 1789 fungar
2161 1705 2345 1771 inani

649 1813 995 1879 Munere.”
1088 1811 1202 1878 Sic
1231 1821 1375 1876 tota
1406 1812 1658 1895 passim
1691 1811 1968 1893 regione
1998 1820 2333 1893 vagantur

646 1917 849 1982 Aeris
880 1917 947 1981 in
979 1916 1235 1998 campis
1265 1914 1437 1992 latis,
1470 1924 1674 1997 atque
1706 1914 1934 1978 omnia
1964 1913 2269 1980 lustrant.

648 2021 843 2106 Quae
873 2030 1230 2104 postquam
1263 2019 1603 2084 Anchises
1634 2028 1868 2082 natum
1902 2038 2024 2102 per
2055 2017 2321 2100 singula
2353 2018 2560 2096 duxit,

650 2124 1090 2208 Incenditque
1120 2124 1416 2187 animum
1451 2123 1676 2186 famae
1706 2121 2039 2186 venientis
2072 2142 2317 2199 amore,

469 2242 568 2308 890
650 2230 819 2294 Exin
853 2227 1029 2292 bella
1058 2227 1201 2291 viro
1232 2236 1561 2290 memorat
1591 2245 1763 2309 quae
1794 2225 2037 2291 deinde
2069 2227 2384 2309 gerenda,

652 2333 1158 2413 Laurentesque
1189 2330 1387 2394 docet
1417 2329 1705 2414 populos
1738 2328 2108 2413 urbemque
2143 2329 2388 2406 Latini,

650 2435 742 2502 Et
770 2455 906 2520 quo
935 2452 1270 2519 quemque
1299 2432 1501 2497 modo
1531 2432 1885 2516 fugiatque
1917 2432 2228 2517 feratque
2258 2432 2572 2499 laborem.

737 2644 909 2710 Sunt
939 2643 1249 2727 geminae
1280 2639 1516 2708 Somni
1545 2652 1801 2726 portae,
1837 2662 2118 2725 quarum
2149 2641 2361 2707 altera
2393 2642 2604 2706 fertur

648 2749 931 2824 Cornea,
965 2767 1097 2830 qua
1127 2745 1305 2810 veris
1337 2744 1555 2809 facilis
1586 2744 1785 2809 datur
1814 2744 2033 2810 exitus
2062 2744 2354 2822 umbris;

471 2862 569 2931 895
655 2852 894 2916 Altera
924 2849 1241 2915 candenti
1272 2850 1578 2934 perfecta
1607 2849 1832 2913 nitens
1865 2846 2245 2932 elephanto,

651 2955 787 3023 Sed
820 2955 994 3019 falsa
1024 2954 1111 3019 ad
1143 2954 1400 3019 caelum
1435 2952 1711 3017 mittunt
1740 2951 2075 3017 insomnia
2109 2954 2366 3018 Manes.

654 3059 785 3125 His
814 3058 906 3123 ibi
934 3067 1079 3123 tum
1112 3069 1346 3122 natum
1377 3058 1719 3122 Anchises
1751 3076 2019 3140 unaque
2054 3055 2380 3142 Sibyllam

652 3162 1082 3247 Prosequitur
1110 3163 1325 3240 dietis,
1359 3170 1688 3247 portaque
1718 3159 1963 3226 emittit
1995 3158 2268 3235 eburna,

652 3268 776 3333 Ille
806 3269 983 3332 viam
1015 3277 1199 3331 secat
1228 3265 1315 3329 ad
1346 3286 1555 3330 naves
1586 3266 1936 3348 sociosque
1967 3263 2230 3339 revisit3
2277 3321 2288 3335 ‚

471 3399 571 3454 900
649 3373 823 3437 Tum
857 3391 930 3436 se
961 3370 1048 3434 ad
1081 3370 1355 3437 Caietae
1386 3379 1570 3435 recto
1601 3370 1735 3434 fert
1767 3369 1957 3433 litore
1992 3378 2277 3451 portum.

650 3476 926 3539 Ancora
954 3474 1039 3540 de
1072 3493 1271 3559 prora
1299 3472 1573 3551 iacitur3
1618 3479 1805 3538 stant
1831 3471 2025 3538 litore
2058 3490 2345 3556 puppes.
