3015 4288
1063 264 1293 318 LIBER
1344 264 1810 318 UNDEclmth
2412 275 2535 343 295

305 466 411 519 350
493 442 895 507 Consedisse
928 443 1160 507 urbem
1197 444 1395 518 luctu,
1431 444 1591 507 dum
1625 444 1830 507 Troia
1858 453 2146 528 temptat

489 547 745 623 Castra,
781 548 989 629 fugae
1021 548 1254 623 fidenS,
1290 556 1356 610 et
1389 548 1648 611 caelum
1683 548 1942 612 territat
1973 549 2190 613 armis.

574 656 612 684 ‘⁴
634 652 864 716 Unum
897 651 1098 715 etiam
1132 651 1324 714 donis
1348 651 1510 727 istis,
1546 670 1718 734 quae
1752 652 2037 733 plurima
2071 652 2240 717 mitti

488 754 894 819 Dardanidis
928 754 1190 837 dicique
1222 754 1430 829 iubes,
1467 775 1694 830 unum,
1730 757 1980 838 optime
2012 776 2266 839 regum,

480 859 797 935 Adicias;
848 879 971 923 nec
1002 868 1072 922 te
1105 858 1301 921 ullius
1332 858 1649 922 violentia
1679 858 1921 936 vincat,

300 985 400 1040 355
484 962 662 1045 Quin
700 973 926 1027 natam
962 964 1235 1044 egregio
1262 982 1512 1043 genero
1547 962 1900 1046 dignisque
1932 965 2322 1050 hymenaeis

484 1067 626 1130 Des
656 1076 864 1149 pater,
899 1075 967 1130 et
1001 1086 1238 1148 pacem
1275 1066 1448 1129 hanc
1485 1075 1758 1130 aeterno
1790 1068 2062 1132 foedere
2095 1069 2353 1151 iungas,

569 1175 607 1203 ‘⁴
627 1170 824 1253 Quod
859 1170 915 1234 si
945 1180 1172 1234 tantus
1209 1170 1414 1234 habet
1447 1180 1709 1234 mentes
1741 1180 1808 1234 et
1840 1182 2111 1254 pectora
2141 1181 2368 1250 terror,

480 1274 713 1357 Ipsum
745 1274 1174 1350 obtestemur,
1203 1274 1602 1363 veniamque
1638 1296 1902 1338 oremus
1934 1275 2019 1338 ab
2050 1275 2197 1358 ipso
2224 1296 2241 1340 ε

480 1378 710 1454 Cedat,
746 1378 848 1442 ius
881 1380 1224 1461 proprium
1260 1379 1407 1461 regi
1440 1381 1829 1463 patriaeque
1861 1379 2172 1444 remittat.

296 1496 400 1561 360
479 1482 659 1564 Quid
694 1484 970 1545 miseros
1005 1482 1251 1546 totiens
1284 1482 1351 1545 in
1389 1493 1622 1566 aperta
1654 1484 1946 1566 pericula
1977 1483 2156 1548 cives

480 1586 743 1661 Proicis,
779 1607 818 1649 o
853 1585 1050 1650 Latio
1081 1596 1288 1668 caput
1324 1587 1561 1650 horum
1596 1597 1663 1650 et
1695 1608 1897 1651 causa
1929 1587 2303 1652 malorum?

481 1689 685 1753 Nulla
716 1691 895 1753 salus
927 1689 1103 1753 bello
1131 1710 1145 1765 ;
1195 1710 1432 1773 pacem
1465 1700 1533 1754 te
1567 1693 1903 1773 poscimus
1934 1711 2181 1768 omneS,

477 1793 722 1870 Turne,
758 1793 954 1857 simul
985 1794 1171 1877 pacis
1207 1795 1420 1857 solum
1455 1793 1832 1858 inviolabile
1863 1796 2124 1877 pignus.

480 1896 736 1960 Primus
768 1917 916 1979 eg0,
951 1897 1237 1960 invisum
1272 1918 1471 1980 quem
1503 1907 1579 1961 tu
1612 1897 1731 1961 tibi
1764 1898 1959 1980 fingis
1980 1896 2080 1980 (et
2110 1918 2257 1963 esse

295 2010 393 2078 365
480 1999 592 2063 Nil
625 2001 991 2085 moror)‚en
1025 2001 1311 2083 supplex
1340 2002 1555 2065 venio.
1655 2002 1976 2065 Miserere
2008 2011 2293 2080 tuorum,

478 2104 660 2169 Pone
692 2105 969 2181 animoS,
1004 2114 1072 2170 et
1105 2104 1340 2188 pulsus
1373 2105 1521 2182 abi3
1570 2115 1674 2170 sat
1706 2106 1946 2170 funera
1978 2106 2114 2171 fusi

473 2208 800 2285 Vidimus,
827 2209 1137 2291 ingentes
1169 2219 1237 2273 et
1270 2210 1720 2274 desolavimus
1753 2231 1970 2293 agros,

474 2313 636 2389 Aut,
672 2312 729 2376 si
759 2312 944 2376 fama
975 2323 1217 2389 movet,
1255 2314 1311 2377 si
1343 2323 1605 2378 tantum
1639 2324 1909 2397 pectore
1940 2314 2142 2379 robur

476 2416 811 2499 Concipis,
845 2426 913 2481 et
944 2418 999 2480 si
1034 2417 1203 2494 adeo
1237 2417 1478 2481 dotalis
1510 2418 1695 2500 regia
1727 2418 1910 2482 cordi
1941 2427 2061 2495 est,

293 2545 397 2599 370
480 2520 700 2596 Aude,
737 2530 937 2603 atque
971 2520 1325 2584 adversum
1362 2522 1578 2585 fidens
1611 2523 1715 2585 fer
1748 2532 1983 2604 pectus
2013 2524 2081 2585 in
2115 2522 2395 2589 hostem.

475 2624 760 2700 Scilicet,
798 2632 871 2687 ut
901 2625 1133 2688 Turno
1167 2625 1465 2706 contigat
1497 2625 1684 2707 regia
1716 2626 2021 2702 coniunx,

476 2729 640 2804 Nos,
675 2729 935 2792 animae
970 2727 1152 2804 viles,
1189 2727 1537 2792 inhumata
1569 2729 1928 2812 infletaque
1961 2728 2175 2806 turba,

474 2833 865 2898 Sternamur
890 2830 1164 2913 campis,
1267 2832 1487 2896 Etiam
1521 2841 1612 2908 tu,
1650 2832 1704 2896 si
1736 2853 1869 2916 qua
1900 2832 2017 2896 tibi
2047 2832 2184 2909 νίς,-

475 2937 548 3002 Si
580 2934 777 3018 patrii
809 2934 968 3018 quid
1005 2934 1246 2999 Martis
1278 2935 1504 3009 habes,
1530 2935 1712 2999 illum
1748 2937 1972 3018 aspice
2004 2946 2255 3014 contra,

290 3063 390 3119 375
473 3040 608 3123 Qui
638 3039 894 3103 vocat.’'

560 3143 840 3207 Talibus
870 3144 1116 3209 exarsit
1147 3143 1343 3209 dictis
1362 3144 1692 3209 ,violentia
1723 3143 1973 3221 Turni;

478 3249 613 3312 Dat
642 3247 983 3330 gemitum,
1020 3249 1402 3332 rumpitque
1437 3248 1561 3312 has
1593 3249 1725 3312 imo
1758 3259 2030 3331 pectore
2060 3269 2299 3314 voces:

564 3356 600 3385 “
623 3352 849 3434 Larga
881 3353 1169 3435 quidem,
1210 3354 1496 3429 Drance,
1533 3374 1799 3435 semper
1823 3354 1941 3417 tibi
1974 3353 2167 3437 copia
2199 3354 2385 3419 fandi

471 3457 665 3532 Tum,
702 3476 855 3519 cum
886 3455 1064 3520 bella
1096 3468 1334 3519 manus
1367 3467 1690 3540 poscunt;
1743 3458 2175 3541 patribusque
2204 3459 2457 3523 vocatis

294 3572 395 3637 380
474 3561 730 3624 Primus
765 3561 946 3624 ades
1043 3560 1178 3626 Sed
1212 3581 1343 3623 non
1382 3561 1703 3643 replenda
1735 3572 1838 3626 est
1870 3565 2051 3626 curia
2082 3563 2320 3639 verbis,

476 3666 669 3748 Quae
701 3675 846 3728 tuto
878 3664 997 3729 tibi
1030 3684 1276 3746 magna
1308 3666 1556 3739 volant,
1585 3665 1742 3728 dum
1777 3666 2047 3731 distinet
2083 3668 2338 3732 hostem

478 3771 712 3860 Agger
747 3789 1104 3850 murorum,
1139 3788 1265 3839 nec
1297 3768 1628 3838 inundant
1662 3771 1987 3857 sanguine
2011 3773 2254 3842 fossae.
