3015 4288
535 236 615 310 32
1255 226 1572 285 vERc1L1
1624 229 2023 284 AENEmos

592 337 792 477 stpfd
824 421 1128 477 metuens
1160 412 1538 493 veterisque
1572 431 1825 474 memor
1861 412 2174 476 Saturnia
2204 413 2379 490 belli,

713 519 930 580 Prima
961 517 1139 599 quod
1173 516 1258 578 ad
1291 515 1714 597 Treiam-pre
1747 524 1915 578 ceris
1950 528 2250 598 gesserat
2285 519 2597 600 Argis-

535 648 597 703 ²5
710 622 1013 685 Necdum
1048 620 1248 684 etiam
1283 639 1527 682 causae
1559 627 1805 681 irarum
1842 631 2156 703 saevique
2188 622 2468 687 doleres⁴
2539 634 2542 635 ’

713 725 1117 791 Exciderant
1149 724 1411 787 anime:
1462 735 1686 787 manet
1718 724 1852 786 alta
1887 734 2109 789 mente
2143 737 2482 809 repostum

712 830 1039 897 Iedicium
1076 828 1329 893 Paridis
1364 836 1763 910 spretaeque
1796 829 2032 894 inieria
2064 832 2338 907 fermae,

713 938 800 1001 Et
830 958 1045 1018 genus
1077 938 1381 1011 invisum,
1416 945 1483 998 et
1522 944 1694 1017 rapti
1731 936 2140 1020 Ganymedis
2174 937 2566 999 honeres—

713 1042 841 1104 His
873 1049 1156 1104 accensa
1186 1059 1387 1121 super
1425 1038 1702 1101 iactates
1737 1059 2024 1122 aequore
2055 1048 2196 1103 tete

532 1171 599 1225 30
706 1145 940 1220 TreaS‚
975 1144 1283 1226 reliquias
1323 1143 1635 1205 Danaum
1671 1153 1872 1225 atque
1903 1143 2171 1207 immitis
2206 1144 2476 1221 Achilli,

711 1248 1007 1312 Arcebat
1040 1249 1239 1330 longe
1275 1247 1487 1322 Latie,
1528 1248 1904 1329 multesque
1930 1267 2051 1330 per
2081 1255 2293 1311 annes

713 1351 1061 1428 Errabant,
1097 1359 1228 1414 acti
1259 1352 1433 1426 fam,
1472 1352 1683 1413 maria
1715 1350 1938 1413 omnia
1969 1350 2234 1414 circum.

709 1455 970 1519 Tantae
1003 1456 1193 1517 melis
1224 1464 1365 1518 erat
1403 1454 1776 1516 Remanam
1809 1453 2097 1517 condere
2128 1465 2416 1536 gentem.

797 1663 927 1729 Vix
958 1671 995 1726 e
1025 1671 1391 1745 censpecte
1429 1663 1694 1727 Siculae
1725 1663 1980 1725 telleris
2012 1662 2079 1725 in
2112 1663 2317 1726 altum

535 1791 600 1849 35
709 1767 878 1831 Vela
910 1767 1159 1829 dabant
1191 1767 1364 1842 laeti,
1400 1777 1467 1829 et
1492 1773 1768 1846 spemas
1800 1767 1958 1828 salis
1991 1787 2144 1829 aere
2175 1766 2475 1844 ruebant,

714 1871 883 1935 Cum
920 1870 1105 1945 lene,
1141 1879 1484 1932 aeternum
1519 1877 1793 1932 servens
1826 1869 1949 1931 sub
1982 1879 2250 1952 pectore
2281 1872 2542 1948 vulnuS,

716 1974 906 2037 Haec
940 1982 1203 2037 secum:
1251 1978 1288 2005 ‘⁴
1312 1973 1518 2036 Mene
1550 1973 1819 2054 incepte
1850 1972 2167 2036 desistere
2198 1975 2460 2049 victam,

716 2079 858 2141 Nec
891 2097 1088 2160 posse
1120 2062 1318 2140 italia
1349 2077 1762 2139 Tencterum
1797 2083 2094 2140 avertere
2126 2078 2401 2160 regem?

713 2182 983 2265 Quippe
1015 2192 1202 2245 vetor
1234 2182 1408 2244 fetis
1513 2181 1819 2244 Pallasne
1851 2189 2125 2246 exerere
2155 2182 2438 2245 classem
2495 2237 2502 2256 ,

533 2313 601 2363 40
711 2288 1040 2368 Argivum
1072 2295 1272 2368 atque
1305 2284 1487 2367 ipses
1525 2287 1738 2367 potuit
1771 2305 2221 2367 summergere
2254 2293 2479 2370 ponte,

714 2375 934 2454 Unius
964 2388 1048 2452 ob
1082 2410 1321 2451 noxam
1355 2397 1424 2452 et
1457 2390 1665 2452 furias
1698 2375 1927 2452 Aiacis
1960 2389 2138 2454 Oili?

717 2494 893 2575 Ipsa,
933 2492 1109 2556 Iovis
1141 2494 1447 2574 rapidum
1481 2493 1768 2556 iaculata
1799 2500 1836 2555 e
1861 2494 2148 2557 nebibus
2178 2504 2427 2576 ignem,

716 2597 1125 2679 Disiecitque
1158 2604 1333 2659 rates
1368 2598 1735 2680 evertitque
1771 2617 2060 2678 aequora
2091 2581 2728 2763 ventsstvgr„

717 2697 913 2764 Illum
942 2710 1392 2783 exspirantem
1427 2701 1752 2764 transfixe
1786 2711 2056 2782 pectore
2090 2700 2243 2763 flam
2317 2723 2392 2766 as

532 2831 600 2890 45
709 2807 1004 2871 Turbine
1035 2811 1352 2891 corripuit
1388 2810 1795 2892 scopuleque
1826 2805 2045 2869 infixit
2075 2814 2273 2869 acete
2291 2826 2307 2883 3

714 2912 843 2975 Ast
875 2932 1020 2993 eg0,
1057 2934 1228 2995 quae
1260 2914 1486 2977 divum
1520 2912 1756 2976 incede
1787 2919 2036 2992 regina,
2067 2909 2376 2992 Iovisque

715 3016 804 3079 Et
836 3037 1020 3079 soror
1050 3026 1118 3081 et
1149 3019 1458 3095 conienx,
1495 3025 1629 3079 fine
1664 3036 1812 3080 cum
1847 3024 2049 3097 gente
2073 3023 2172 3076 tot
2197 3022 2407 3077 annes

714 3124 900 3189 Bella
931 3135 1110 3207 gere.
1208 3128 1298 3192 Et
1329 3128 1679 3212 quisquam
1714 3132 1961 3188 nemen
1999 3118 2274 3183 Iunc->nis
2308 3118 2540 3182 aderat

715 3229 1080 3308 Praeteree,
1115 3243 1231 3296 aut
1263 3234 1547 3315 supplex
1578 3240 1709 3296 aris
1740 3231 2042 3311 impenet
2072 3225 2392 3287 honerem
2414 3222 2438 3285 ?
2461 3222 2495 3248 ''

536 3359 599 3414 50
795 3334 986 3397 Telia
1019 3336 1358 3400 flammate
1391 3345 1616 3400 secum
1648 3337 1777 3400 dea
1810 3334 2007 3398 corde
2040 3329 2348 3393 voletens

712 3439 1105 3503 Nimberum
1139 3441 1205 3504 in
1240 3442 1540 3524 patriam,
1574 3442 1720 3506 loca
1752 3442 1892 3504 feta
1924 3436 2302 3502 furentibus
2334 3444 2593 3512 austris,

712 3544 1019 3607 Aeoliam
1052 3546 1251 3610 venit.
1359 3547 1492 3609 Hic
1525 3554 1716 3609 vaste
1749 3554 1862 3608 rex
1897 3545 2152 3609 Aeolus
2185 3548 2377 3604 antre

716 3647 1078 3712 Luctantes
1111 3659 1345 3714 ventes
1379 3657 1948 3732 tempestetesque
1983 3654 2256 3711 soneres

716 3750 1007 3833 Imperie
1038 3755 1280 3837 premit
1313 3774 1391 3818 ac
1422 3753 1658 3817 vinclis
1689 3762 1756 3816 et
1788 3772 2054 3815 carcere
2079 3752 2318 3816 frenat.
