3015 4288
448 249 574 330 278

1164 251 1481 306 VERGILI
1534 251 1693 306 AEN
1700 251 1932 308 EIDOS

624 432 770 497 Nec
802 430 1110 517 cuiquam
1143 430 1339 496 irasci
1371 431 1730 515 propiusve
1763 434 2084 499 accedere
2113 434 2325 499 virtus

622 534 759 600 Sed
789 536 1019 601 iaculis
1051 535 1344 617 tutisque
1377 537 1609 618 procul
1643 537 2041 602 clamoribus
2073 538 2325 603 instant
2350 559 2366 616 ;

623 640 746 703 Ille
779 649 999 703 autem
1032 638 1407 722 impavidus
1441 648 1668 721 partes
1700 651 2047 706 cunctatur
2077 642 2147 706 in
2177 663 2431 720 omneS,

446 767 502 821 7¹
511 767 539 822 5
619 743 952 807 Dentibus
983 742 1395 820 infrendenS,
1431 752 1497 806 et
1529 752 1721 825 tergo
1752 745 2004 809 decutit
2035 747 2300 810 hastas:

621 848 828 911 Haud
860 847 1069 922 aliter,
1100 847 1315 909 iustae
1346 846 1587 929 quibus
1617 857 1721 911 est
1754 849 2128 914 Mezentius
2157 850 2314 928 irae,

621 952 778 1016 Non
810 951 926 1014 ulli
956 960 1059 1013 est
1089 948 1350 1013 animus
1382 949 1612 1013 stricto
1642 971 2036 1018 concurrere
2069 955 2286 1033 ferr03

619 1055 988 1121 Missilibus
1020 1055 1221 1136 longe
1252 1063 1320 1118 et
1351 1064 1544 1118 vasto
1578 1056 1867 1122 clamore
1898 1057 2255 1122 lacessunt.

704 1161 1000 1225 Venerat
1031 1158 1322 1240 antiquis
1359 1157 1641 1244 Corythi
1671 1160 1755 1224 de
1786 1161 2029 1225 finibus
2061 1164 2312 1240 Acron,

444 1289 543 1342 720
616 1263 856 1330 Graius
888 1264 1105 1340 homo,
1138 1261 1426 1326 infectos
1461 1262 1771 1346 linquens
1804 1266 2131 1348 profugus
2163 1267 2606 1352 hymenaeosg

443 1807 537 1861 725

443 2330 540 2384 7³0

622 1369 827 1432 Hunc
858 1366 972 1430 ubi
1001 1367 1394 1430 miscentem
1427 1366 1629 1449 longe
1661 1368 1881 1432 media
1911 1370 2180 1451 agmina
2208 1370 2391 1448 vidit,

621 1472 1034 1555 Purpureum
1069 1469 1307 1553 pennis
1340 1480 1409 1534 et
1441 1481 1680 1553 pactae
1711 1472 2014 1555 coniugis
2044 1483 2260 1538 ostro:

620 1577 961 1658 Impastus
993 1573 1256 1637 stabula
1287 1574 1425 1637 alta
1456 1574 1560 1638 leo
1592 1596 1714 1640 ceu
1748 1596 1952 1660 saepe
1984 1597 2369 1660 peragrans,

620 1680 871 1746 Suadet
902 1679 1078 1742 enim
1110 1697 1360 1741 vesana
1393 1678 1631 1755 fames,
1668 1680 1725 1742 si
1755 1681 1931 1744 forte
1964 1681 2276 1763 fugacem

613 1783 980 1866 Conspexit
1010 1801 1340 1864 capream,
1380 1794 1496 1846 aut
1528 1794 1916 1866 surgentem
1948 1783 2017 1848 in
2048 1805 2297 1849 cornua
2327 1806 2617 1866 cervum,

618 1887 900 1961 Gaudet,
935 1885 1128 1949 hians
1159 1886 1470 1962 immane,
1510 1907 1869 1970 comasque
1901 1888 2159 1964 arrexit,
2194 1899 2260 1952 et
2293 1890 2526 1954 haeret

614 1989 998 2055 Visceribus
1031 2008 1232 2071 super
1261 1989 1693 2069 incumbens3
1743 1991 1905 2055 lavit
1934 1990 2236 2073 improba
2265 2002 2480 2058 taeter

617 2098 759 2165 Ora
788 2119 1015 2164 cruor:

618 2203 730 2269 Sic
761 2206 893 2268 ruit
921 2204 988 2267 in
1021 2206 1266 2269 densos
1299 2204 1522 2269 alacer
1557 2204 1929 2269 Mezentius
1961 2206 2211 2270 hosteS.

619 2307 953 2373 Sternitur
981 2308 1214 2372 infelix
1248 2309 1499 2384 Acron,
1536 2317 1603 2372 et
1636 2308 1925 2372 calcibus
1957 2319 2168 2372 atram

614 2409 869 2475 Tundit
900 2412 1177 2475 humum
1208 2411 1575 2493 exspirans,
1615 2411 2032 2495 infractaque
2062 2414 2198 2477 tela
2227 2421 2548 2477 cruentat.

703 2516 932 2598 Atque
961 2516 1138 2579 idem
1172 2515 1546 2597 fugientem
1581 2516 1760 2579 haud
1791 2525 1894 2580 est
1923 2516 2237 2598 dignatus
2270 2514 2543 2581 Oroden

617 2619 950 2697 Sternere,
984 2639 1108 2683 nec
1140 2619 1314 2682 iacta
1348 2638 1622 2682 caecum
1655 2620 1814 2683 dare
1846 2620 2121 2703 cuspide
2149 2620 2428 2696 vulnus3

504 2788 509 2794 ,
616 2723 873 2788 Obvius
905 2724 1319 2805 adversoque
1352 2722 1655 2799 occurrit,
1692 2743 1893 2806 seque
1924 2723 2064 2788 viro
2095 2725 2195 2787 vir

440 2853 534 2909 735

442 3370 539 3426 740

616 2830 932 2907 Contulit,
968 2832 1148 2897 haud
1180 2834 1361 2896 furto
1395 2834 1647 2909 melior,
1684 2833 1802 2897 sed
1835 2832 2119 2895 fortibus
2152 2830 2370 2895 armis.

613 2936 787 2999 Tum
820 2957 1023 3019 super
1055 2936 1385 3000 abiectum
1421 2937 1639 3019 posito
1673 2936 1846 3019 pede
1877 2937 2071 2999 nixus
2103 2944 2170 2998 et
2201 2936 2432 2999 hasta:

617 3044 654 3072 “
677 3039 838 3103 Pars
868 3039 1025 3104 belli
1057 3041 1235 3104 haud
1270 3041 1654 3116 temnenda,
1689 3040 1830 3116 viri,
1865 3041 2036 3103 iacet
2068 3028 2240 3102 altus
2274 3038 2600 3103 Orodes.''

615 3141 1053 3207 Conclamant
1086 3144 1248 3208 socii
1277 3144 1522 3208 laetum
1558 3164 1818 3227 paeana
1849 3143 2078 3207 secuti.

618 3245 741 3309 Ille
773 3256 993 3311 autem
1029 3248 1410 3329 exspirans:
1462 3254 1498 3282 “
1523 3249 1677 3312 Non
1712 3268 1837 3325 me,
1866 3247 2265 3331 quicumque
2296 3267 2388 3323 es,
2415 3245 2647 3325 inulto,

615 3350 866 3425 Victor,
900 3372 1026 3416 nec
1060 3351 1335 3434 longum
1368 3353 1743 3430 laetabere;
1792 3361 1859 3416 te
1890 3372 2155 3434 quoque
2185 3339 2347 3414 fatax

616 3454 1055 3536 Prospectant
1088 3456 1293 3539 paria,
1330 3466 1531 3540 atque
1563 3457 1798 3520 eadem
1831 3475 1985 3519 mox
2017 3475 2175 3518 arva
2206 3453 2528 3519 tenebis.”

614 3557 728 3622 Ad
762 3578 931 3641 quae
964 3560 1314 3624 subridens
1348 3560 1550 3624 mixta
1586 3561 1959 3624 Mezentius
1990 3558 2124 3622 ira:

619 3666 656 3696 “
678 3660 877 3726 Nunc
910 3683 1186 3727 morere.
1282 3665 1414 3728 Ast
1445 3664 1529 3727 de
1563 3683 1669 3727 me
1700 3662 1927 3727 divum
1975 3672 2165 3746 pater
2201 3669 2402 3745 atque
2443 3662 2650 3728 homi·

787 3786 949 3829 num
981 3786 1095 3831 rex
