3015 4288
342 901 439 956 450

338 1419 433 1476 455

337 2445 434 2512 465

342 2979 433 3028 470

346 3492 433 3547 475

1158 283 1390 338 mur-:R
1443 283 1747 340 sExTUs
2428 279 2548 365 167

514 461 819 529 Crudelis
849 463 989 527 nati
1021 471 1498 527 monstrantem
1531 463 1827 540 vulnera,
1860 463 2087 541 cernit,

513 566 1022 650 Euhadnenque
1052 574 1121 631 et
1153 566 1562 649 Pasiphaen;
1610 565 1714 630 his
1736 567 2115 632 ‘Laodamia

515 671 581 735 It
609 690 853 747 comeS,
888 678 957 735 et
985 668 1244 734 iuvenis
1275 670 1633 753 quondam,
1667 690 1861 760 nunc-
1881 671 2151 749 femina,
2186 671 2511 749 CaeneuS,

515 775 775 839 Rursus
805 783 875 839 et
903 776 971 838 in
1001 783 1296 839 veterem
1327 775 1471 840 fato
1503 774 1805 839 revoluta
1837 775 2137 858 figuram.

604 880 791 943 Inter
821 899 990 963 quas
1023 879 1388 943 Phoenissa
1418 898 1653 943 recens
1684 899 1726 942 a
1753 879 2028 944 vulnere
2059 879 2237 944 Dido

455 1067 460 1078 ι
515 982 800 1047 Errabat
831 982 997 1046 silva
1026 983 1095 1045 in
1130 1002 1412 1064 magna:
1460 1003 1660 1065 quam
1694 983 1935 1046 Troius
1965 983 2164 1046 heros

514 1087 612 1152 Ut
641 1086 926 1170 primum
958 1087 1142 1150 iuxta
1173 1086 1358 1150 stetit
1388 1086 1846 1169 adgnovitque
1879 1106 2000 1170 per
2030 1086 2300 1152 umbras

455 1250 462 1255 .
511 1189 907 1268 Obscuram,
941 1190 1208 1274 qualem
1240 1190 1455 1273 primo
1487 1190 1602 1274 qui
1634 1210 1907 1273 surgere
1938 1210 2169 1255 mense

509 1294 656 1358 Aut
683 1294 867 1359 videt
896 1302 1013 1358 aut
1042 1294 1288 1357 vidisse
1320 1303 1515 1376 putat
1547 1314 1668 1377 per
1698 1294 1925 1358 nubila
1960 1295 2241 1372 Lunam,

517 1398 804 1463 Demisit
834 1397 1163 1475 lacrimas,
1197 1398 1509 1481 dulcique
1540 1398 1811 1462 adfatus
1840 1417 2067 1464 amore
2097 1407 2236 1464 est:

512 1501 819 1566 “Infelix
853 1502 1050 1579 Dido,
1083 1521 1283 1566 verus
1316 1501 1479 1565 mihi
1513 1503 1787 1566 nuntius
1817 1522 1980 1585 ergo

479 1606 805 1671 'Venerat
833 1607 1248 1683 exstinctam,
1285 1606 1600 1690 ferroque
1632 1615 1928 1670 extrema
1959 1606 2301 1671 secutam?

512 1711 794 1776 Funeris
824 1712 958 1776 heu
989 1710 1110 1776 tibi
1141 1731 1347 1775 causa
1378 1712 1524 1775 fui?
1616 1712 1742 1775 Per
1772 1710 1991 1775 sidera
2020 1713 2183 1787 iuro,

511 1815 636 1879 Per
666 1835 947 1897 superos
978 1824 1045 1879 et
1076 1814 1133 1879 si
1164 1835 1297 1899 qua
1329 1816 1495 1880 fides
1527 1815 1764 1879 tellure
1795 1814 1920 1878 sub
1951 1816 2086 1877 ima
2115 1823 2236 1891 est,

514 1919 791 1995 InvituS‚
824 1919 1078 2001 regina,
1109 1927 1228 1983 tuo
1260 1918 1345 1983 de
1377 1918 1568 1983 litore
1599 1920 1786 1983 cessi.

509 2021 646 2087 Sed
676 2041 783 2086 me
815 2021 995 2086 iussa
1026 2021 1244 2099 deum,
1280 2042 1454 2105 quae
1485 2040 1664 2085 nunc
1695 2022 1819 2085 has
1849 2021 1944 2085 ire
1975 2041 2097 2104 per
2127 2021 2413 2098 umbraS,

510 2125 636 2190 Per
666 2126 812 2191 loca
843 2134 1037 2190 senta
1068 2126 1200 2191 situ
1231 2135 1484 2209 cogunt
1513 2134 1912 2209 noctemque
1945 2124 2371 2208 profundam,

511 2229 818 2311 Imperiis
848 2250 1048 2312 egere
1080 2230 1253 2308 suis3
1302 2250 1427 2293 nec
1461 2230 1732 2294 credere
1764 2229 1944 2312 quivi

511 2333 715 2397 Hunc
745 2342 1005 2397 tantum
1040 2333 1159 2398 tibi
1191 2354 1299 2398 me
1330 2333 1629 2397 discessu
1662 2333 1840 2397 ferre
1871 2333 2187 2397 dolorem.

513 2436 687 2501 Siste
719 2436 1022 2519 gradum,
1059 2446 1259 2521 teque
1291 2445 1569 2520 aspectu
1600 2457 1687 2501 ne
1719 2437 2035 2501 subtrahe
2067 2445 2312 2501 nostro.

509 2537 727 2621 Quem
749 2540 971 2623 fugis?
997 2549 1363 2605 extremum
1389 2541 1554 2617 fato,
1577 2542 1756 2624 quod
1777 2550 1843 2605 te
1864 2541 2204 2625 adloquor,
2229 2542 2354 2605 hoc
2376 2542 2518 2606 est.²

592 2642 871 2708 Talibus
902 2645 1176 2709 Aeneas
1208 2645 1555 2709 ardentem
1591 2653 1658 2708 et
1689 2653 1876 2709 torva
1909 2653 2209 2709 tuentem

511 2742 798 2812 Lenibat
827 2748 1021 2812 dictis
1053 2748 1367 2826 animum,
1403 2749 1841 2832 lacrimasque
1871 2747 2108 2813 ciebat.

511 2851 635 2915 Illa
666 2852 809 2916 solo
840 2852 1005 2915 fixos
1036 2852 1264 2916 oculos
1294 2872 1532 2916 aversa
1561 2852 1853 2928 tenebat,

510 2955 655 3019 Nec
688 2957 901 3037 magis
932 2955 1201 3039 incepto
1231 2957 1487 3020 vultum
1523 2975 1828 3020 sermone
1861 2964 2178 3033 movetur,

509 3057 731 3141 Quam
763 3059 820 3122 si
850 3058 1016 3123 dura
1048 3058 1212 3123 silex
1242 3068 1358 3123 aut
1386 3068 1519 3123 stet
1556 3059 1899 3142 Marpesia
1928 3070 2174 3124 cautes.

507 3161 811 3227 Tandem
842 3162 1160 3244 corripuit
1192 3182 1359 3240 sese,
1394 3173 1595 3246 atque
1626 3163 1891 3226 inimica
1922 3162 2172 3245 refugit

511 3266 592 3329 In
623 3286 861 3330 nemus
892 3267 1349 3343 umbriferum,
1385 3267 1671 3330 coniunx
1703 3267 1816 3331 ubi
1848 3266 2167 3350 pristinus
2197 3265 2291 3331 illi

513 3369 904 3451 Respondet
933 3370 1109 3433 curis
1141 3379 1517 3453 aequatque
1552 3370 1899 3455 Sychaeus
1931 3390 2247 3435 amorem.

515 3471 657 3536 Nec
690 3475 910 3537 minus
941 3474 1233 3549 AeneaS,
1268 3493 1428 3537 casu
1462 3494 1827 3538 concussus
1859 3473 2103 3557 iniquo,

513 3576 939 3659 Prosequitur
969 3576 1323 3640 lacrimans
1357 3577 1574 3657 longe,
1609 3588 1678 3641 et
1710 3578 2062 3641 miseratur
2091 3585 2377 3642 euntem.

598 3680 766 3744 Inde
797 3680 1023 3744 datum
1061 3680 1324 3743 molitur
1357 3681 1496 3743 iter.
1595 3681 1873 3764 Iamque
1906 3702 2065 3745 arva
2098 3681 2418 3745 tenebant

513 3782 783 3863 Ultima,
817 3804 992 3879 quae
1022 3784 1197 3857 bello
1229 3785 1389 3858 clari
1422 3793 1679 3859 secreta
1710 3786 2160 3880 frequentant.
