3015 4288
364 479 458 531 3¹5

360 1002 458 1052 320

356 1519 461 1573 3²5·

1195 275 1422 329 LIBER
1477 277 1776 329 SEXTUS
1857 334 1874 355 .
2468 233 2587 349 163

547 454 793 517 Navita
824 455 944 518 sed
977 455 1183 518 tristis
1217 476 1396 519 nunc
1431 457 1556 519 hos
1589 477 1765 520 nunc
1798 456 2040 538 accipit
2069 456 2236 531 illos,

544 558 676 621 Ast
699 557 864 621 alios
897 558 1098 640 longe
1131 559 1475 623 submotos
1507 569 1691 623 arcet
1726 561 1990 623 harena.

628 661 904 726 Aeneas
921 699 1012 709 --
1031 662 1305 726 miratus
1336 663 1516 727 enim
1549 673 1902 746 motusque
1932 665 2221 728 tumultu
2242 701 2334 712 —

546 772 582 800 “
606 766 736 831 Dic
758 765 794 790 ”
828 765 938 842 ait,
979 772 1014 797 “
1035 788 1074 830 o
1107 766 1312 849 virg0,
1349 767 1510 850 quid
1540 767 1684 831 vult
1715 788 2082 831 concursus
2115 767 2199 831 ad
2233 767 2547 833 amnem?

545 870 809 953 Quidve
842 879 1083 954 petunt
1114 871 1424 935 animae?
1468 872 1579 934 vel
1610 891 1742 954 quo
1774 870 2153 935 discrimine
2184 872 2362 953 ripas

543 974 696 1039 Hae
730 974 1056 1058 linquunt,
1085 974 1240 1039 illae
1272 975 1473 1039 r'emis
1502 975 1678 1038 vada
1710 975 1912 1038 livida
1940 983 2216 1038 verrunt
2237 974 2259 1037 ?
2279 974 2314 998 ’'

542 1079 679 1144 Olli
710 1078 804 1143 sic
836 1078 1129 1142 breviter
1160 1079 1304 1143 fata
1334 1089 1439 1143 est
1470 1080 1800 1161 longaeva
1833 1078 2183 1142 sacerdos:

544 1188 581 1216 “
606 1183 912 1247 Anchisa
942 1193 1280 1264 generate,
1314 1184 1518 1246 deum
1549 1183 1917 1247 certissima
1948 1182 2187 1266 proleS,

541 1286 778 1373 Cocyti
809 1296 1051 1368 stagna
1083 1287 1218 1350 alta
1246 1287 1436 1351 vides
1469 1288 1909 1371 Stygiamque
1941 1286 2275 1370 paludem,

542 1390 633 1455 Di
663 1392 850 1454 cuius
882 1391 1100 1455 iurare
1130 1392 1371 1454 timent
1398 1401 1469 1454 et
1498 1391 1735 1474 fallere
1765 1410 2033 1453 numen.

541 1495 734 1558 Haec
762 1496 998 1571 omnis,
1023 1514 1224 1577 quam
1249 1496 1487 1571 cerniS,
1510 1496 1707 1576 inops
1729 1493 2205 1576 inhumataque
2229 1493 2423 1557 turba
2446 1502 2551 1556 est
2560 1513 2578 1570 3

448 1618 458 1674 g
542 1598 826 1662 Portitor
859 1597 969 1661 ille
1003 1599 1272 1662 Charon
1299 1618 1315 1676 ;
1363 1597 1452 1674 hi,
1488 1618 1656 1681 quos
1687 1597 1872 1661 vehit
1904 1598 2102 1674 unda,
2139 1596 2400 1679 sepulti.

353 2041 455 2093 ³³0

298 2540 310 2549 ‘
355 2560 455 2613 335

357 3599 455 3653 345

543 1703 687 1766 Nec
721 1701 900 1784 ripas
933 1702 1129 1764 datur
1160 1701 1532 1765 horrendas
1563 1711 1631 1765 et
1662 1721 1866 1767 rauca
1896 1701 2147 1765 fluenta

538 1807 1030 1888 Transportare
1061 1807 1265 1889 priuS,
1300 1826 1504 1888 quam
1536 1805 1808 1869 sedibus
1839 1825 1996 1868 ossa
2026 1805 2355 1888 quierunt.

539 1909 827 1975 Centum
873 1919 1100 1973 errant
1130 1929 1342 1972 annos
1372 1909 1787 1992 volitantque
1818 1909 1988 1973 haec
2019 1908 2213 1972 litora
2244 1907 2527 1986 circum3

537 2015 709 2077 Tum
745 2014 1013 2078 demum
1048 2011 1324 2076 admissi
1355 2022 1598 2094 stagna
1629 2023 1945 2095 exoptata
1981 2013 2294 2076 revisunt.
2303 2011 2338 2036 '⁹

539 2118 855 2185 Constitit
887 2118 1192 2181 Anchisa
1224 2126 1410 2181 satus
1440 2126 1512 2181 et
1540 2116 1827 2200 vestigia
1857 2116 2117 2201 pressit,

542 2223 759 2286 Multa
790 2231 1056 2305 putanS,
1091 2230 1475 2304 sortemque
1505 2221 1729 2284 animo
1761 2223 2114 2284 miseratus
2143 2188 2460 2304 iniquam.

539 2327 769 2391 Cernit
798 2324 893 2389 ibi
921 2334 1215 2388 maestos
1246 2335 1317 2389 et
1345 2326 1578 2387 mortis
1613 2325 1866 2387 honore
1898 2333 2202 2388 carentes

543 2430 945 2512 Leucaspim
978 2438 1049 2492 et
1082 2428 1335 2515 Lyciae
1366 2428 1714 2491 ductorem
1746 2428 1978 2491 classis
2013 2429 2337 2505 Oronten,

543 2534 732 2616 Quos
767 2533 960 2596 simul
994 2554 1036 2596 a
1067 2532 1270 2596 Troia
1299 2541 1581 2594 ventosa
1614 2551 1735 2614 per
1766 2552 2059 2614 aequora
2088 2541 2318 2595 vectos

542 2637 784 2703 Obruit
816 2637 1089 2713 Auster,
1123 2657 1299 2719 aqua
1328 2634 1680 2698 involvens
1712 2655 2088 2716 navemque
2120 2634 2448 2718 virosque.

630 2741 808 2805 Ecce
840 2740 1251 2823 gubernator
1282 2759 1431 2802 sese
1466 2738 1819 2802 Palinurus
1851 2738 2114 2820 agebat,

540 2843 675 2929 Qui
709 2844 966 2929 Libyco
997 2863 1215 2927 nuper
1245 2863 1464 2918 cursu,
1498 2842 1660 2907 dum
1694 2841 1914 2905 sidera
1946 2850 2186 2919 servat,

542 2948 899 3013 Exciderat
928 2945 1145 3031 puppi
1176 2946 1414 3011 mediis
1443 2945 1806 3009 effususin
1840 2946 2055 3009 undis,

541 3053 744 3116 Hunc
779 3051 890 3115 ubi
920 3053 1035 3115 vix
1062 3052 1274 3114 multa
1304 3060 1637 3114 maestum
1668 3049 1984 3131 cognovit
2014 3049 2081 3112 in
2113 3050 2367 3127 umbra,

542 3157 653 3221 Sic
686 3158 867 3239 prior
900 3156 1318 3239 adloquitur:
1370 3160 1408 3187 “
1431 3153 1602 3237 Quis
1646 3164 1732 3230 te,
1769 3153 2096 3229 Palinure,
2132 3153 2408 3216 deorum

542 3260 806 3341 Eripuit
837 3259 1050 3336 nobis,
1086 3259 1441 3342 medioque
1473 3258 1598 3322 sub
1631 3277 1922 3340 aequore
1954 3256 2227 3320 mersit?

542 3363 669 3427 Dic
701 3384 844 3445 age.
946 3365 1258 3447 Namque
1289 3364 1470 3439 mihi,
1506 3362 1714 3425 fallax
1746 3361 1926 3424 haud
1958 3371 2114 3424 ante
2146 3370 2472 3443 repertuS,

544 3468 694 3532 Hoc
730 3489 864 3531 uno
899 3488 1225 3551 responso
1256 3468 1553 3559 animum
1587 3466 1830 3529 delusit
1863 3466 2153 3549 Apollos

541 3572 673 3655 Qui
709 3574 855 3635 fore
887 3582 954 3635 te
989 3581 1194 3653 ponto
1229 3571 1648 3647 incolumem,
1683 3570 1985 3653 finesque
2017 3569 2302 3634 canebat

541 3679 917 3741 Venturum
954 3675 1312 3738 Ausonios,
1413 3675 1519 3737 En
1553 3674 1718 3737 haec
1752 3675 2080 3755 promissa
2112 3675 2277 3737 fides
2309 3674 2458 3738 est?
2481 3675 2516 3700 '’

536 3780 665 3849 Ille
691 3789 961 3850 autem:
1013 3784 1052 3811 ‘¹
1079 3779 1317 3861 Neque
1349 3787 1417 3839 te
1452 3776 1705 3839 Phoebi
1738 3777 1992 3840 cortina
2024 3778 2285 3853 fefellit,
