3015 4288
487 294 609 365 242

482 897 576 963 385

483 1428 582 1480 390

485 1945 581 2000 395

482 2982 581 3038 405

484 3504 586 3557 410

1196 278 1515 342 VERGILI
1568 278 1725 340 AEN
1732 278 1964 341 Emo's

658 470 841 535 Silva
870 467 1000 534 fuit
1030 468 1164 532 late
1196 466 1415 532 dumis
1446 476 1648 550 atque
1679 467 1827 532 ilice
1860 469 2050 549 nigra

660 575 969 651 Horrida,
1003 593 1203 657 quam
1239 571 1432 635 densi
1461 572 1877 653 complerant
1911 572 2201 655 undique
2234 581 2493 647 sentes;

661 680 838 742 Rara
870 697 990 760 per
1021 676 1318 740 occultos
1350 675 1615 738 lucebat
1646 675 1883 738 semita
1915 675 2133 740 calleS.

658 782 1023 868 Euryalum
1055 780 1374 844 tenebrae
1406 798 1737 842 ramorum
1772 798 2185 862 onerosaque
2218 780 2467 863 praeda

659 885 1061 968 Impediunt,
1097 883 1402 966 fallitque
1431 881 1631 946 timor
1663 882 1937 964 regione
1965 882 2239 947 viarum.

747 989 954 1052 Nisus
985 986 1158 1064 abit;
1206 986 1471 1069 iamque
1502 986 1892 1068 imprudens
1924 1005 2229 1050 evaserat
2259 989 2487 1052 hostes

655 1093 885 1176 Atque
918 1091 1115 1168 locoS,
1150 1090 1265 1174 qui
1295 1099 1450 1173 post
1480 1089 1700 1154 Albae
1733 1091 1817 1154 de
1849 1091 2115 1154 nomine
2147 1091 2304 1155 dicti

657 1194 909 1258 Albani
928 1204 1171 1258 —tum
1205 1215 1320 1258 rex
1351 1194 1615 1257 stabula
1644 1194 1781 1258 alta
1815 1195 2095 1257 Latinus
2127 1195 2520 1258 habebat—

661 1300 758 1365 Ut
789 1301 986 1375 stetit,
1019 1307 1088 1362 et
1119 1299 1367 1361 frustra
1396 1297 1744 1361 absentem
1777 1300 2066 1379 respexit
2095 1299 2399 1362 amicum.

661 1408 698 1437 “
720 1403 1011 1488 Euryale
1041 1402 1289 1480 infelix,
1323 1422 1456 1484 qua
1486 1411 1555 1465 te
1587 1403 1857 1483 regione
1889 1401 2173 1485 reliqui?

660 1506 899 1590 Quave
930 1524 1188 1589 sequar,
1225 1525 1454 1569 rursus
1485 1505 1878 1587 perplexum
1912 1505 2036 1569 iter
2065 1525 2263 1569 omne
2293 1505 2644 1569 revolvens

661 1611 719 1673 F
721 1610 949 1674 allacis
980 1608 1185 1672 silvae
1207 1609 1231 1672 ?
1252 1609 1288 1634 '’
1381 1607 1595 1672 Simul
1626 1617 1692 1672 et
1724 1607 2006 1690 vestigia
2037 1618 2212 1673 retro

661 1713 1038 1779 Observata
1070 1712 1248 1795 legit,
1282 1712 1637 1795 dumisque
1670 1712 2016 1775 silentibus
2047 1722 2241 1777 errat.

662 1818 877 1882 Audit
906 1837 1132 1900 equOS,
1168 1817 1354 1881 audit
1386 1817 1704 1898 strepitus
1735 1825 1804 1880 et
1835 1815 2027 1898 signa
2059 1826 2471 1901 sequentum.

664 1922 810 1985 Nec
842 1921 1116 2002 longum
1148 1922 1217 1983 in
1248 1920 1470 1984 medio
1500 1930 1786 2002 tempus,
1822 1940 1973 1983 curn
2005 1920 2253 1984 clamor
2284 1921 2369 1983 ad
2401 1942 2596 1985 aures

663 2024 989 2101 Pervenit,
1025 2045 1104 2088 ac
1135 2024 1316 2088 videt
1356 2023 1742 2109 Euryalum,
1778 2044 1977 2107 quem
2015 2023 2145 2087 iam
2190 2044 2426 2087 manus
2456 2026 2691 2103 omnis,

664 2128 929 2194 Fraude
964 2128 1088 2193 loci
1117 2137 1185 2193 et
1215 2129 1446 2205 noctis,
1482 2126 1704 2192 subito
1736 2128 2047 2193 turbante
2078 2128 2383 2205 tumultu,

661 2234 1079 2318 Oppressum
1115 2232 1288 2315 rapit
1317 2241 1387 2297 et
1416 2241 1774 2296 conantem
1807 2232 2090 2315 plurima
2121 2232 2386 2296 frustra.

660 2337 843 2421 Quid
875 2336 1123 2400 faciat?
1168 2356 1300 2418 qua
1330 2335 1398 2400 vi
1427 2336 1756 2413 iuvenem,
1791 2335 2031 2418 quibus
2065 2337 2307 2400 audeat
2338 2335 2539 2400 armis

665 2439 989 2523 Eripere?
1035 2459 1122 2502 an
1153 2459 1301 2502 sese
1333 2439 1590 2504 medios
1623 2439 1979 2504 moriturus
2011 2439 2077 2504 in
2108 2460 2303 2504 enses

665 2545 942 2620 Inferat,
976 2553 1043 2608 et
1075 2543 1421 2626 pulchram
1455 2553 1770 2626 properet
1802 2563 1922 2627 per
1952 2544 2228 2608 vulnera
2259 2544 2585 2608 mortem?

662 2647 871 2713 Ocius
901 2647 1191 2711 adducto
1223 2657 1542 2730 torquens
1576 2646 1812 2710 hastile
1846 2646 2111 2724 lacert0‚

663 2751 1050 2836 Suspiciens
1081 2751 1282 2814 altam
1319 2751 1584 2814 Lunam
1615 2760 1701 2828 et,
1735 2752 1830 2815 sic
1859 2771 2024 2815 voce
2054 2760 2398 2833 precatur:

662 2861 701 2890 “
720 2856 845 2932 Tu,
879 2855 1023 2933 dea,
1057 2865 1128 2919 tu
1162 2875 1481 2938 praesens
1515 2864 1742 2918 nostro
1775 2875 2083 2919 succurre
2116 2854 2341 2931 labori,

660 2960 1020 3023 Astrorum
1051 2959 1255 3023 decus
1287 2969 1355 3024 et
1387 2980 1735 3023 nemorum
1772 2959 2054 3023 Latonia
2085 2969 2327 3022 custos,

662 3063 736 3130 Si
765 3083 897 3148 qua
929 3063 1059 3127 tuis
1091 3084 1405 3147 umquam
1440 3084 1561 3146 pro
1596 3085 1702 3129 me
1735 3072 1925 3148 pater
1959 3064 2300 3149 Hyrtacus
2331 3064 2463 3126 aris

664 3168 865 3233 Dona
893 3167 1062 3244 tulit,
1097 3168 1151 3231 si
1182 3188 1314 3251 qua
1345 3169 1490 3251 ipse
1524 3170 1688 3233 meis
1718 3168 2069 3232 venatibus
2101 3170 2269 3244 auxi,

661 3271 1083 3354 Suspendive
1115 3272 1316 3348 thole,
1352 3282 1466 3337 aut
1498 3293 1689 3337 sacra
1720 3272 1803 3336 ad
1837 3272 2108 3355 fastigia
2140 3272 2285 3335 fixi:

667 3375 873 3440 Hunc
898 3375 1041 3439 sine
1072 3395 1178 3439 me
1210 3376 1475 3440 turbare
1509 3377 1801 3457 globum,
1825 3385 1892 3439 et
1924 3396 2082 3458 rege
2112 3377 2247 3440 tela
2283 3395 2400 3456 per
2429 3379 2688 3444 auraS.''

753 3479 1047 3556 Dixerat,
1083 3489 1149 3543 et
1180 3489 1320 3543 toto
1354 3480 1629 3544 conixus
1661 3500 1938 3562 corpore
1971 3481 2219 3544 ferrum

660 3584 938 3651 Conicit.
1037 3584 1254 3647 Hasta
1286 3584 1518 3647 volans
1550 3586 1762 3648 noctis
1794 3583 2169 3648 diverberat
2198 3584 2484 3660 umbraS,

663 3689 753 3753 Et
784 3689 966 3753 venit
997 3688 1212 3752 aversi
1243 3690 1309 3751 in
1342 3697 1605 3769 tergum
1639 3687 1993 3765 Sulmonis,
2031 3687 2249 3771 ibique

660 3792 1038 3877 Frangitur.
1073 3812 1150 3855 ac
1182 3792 1339 3855 fisso
1370 3794 1606 3855 transit
1641 3793 2025 3867 praecordia
2057 3792 2256 3876 ligno.
