3015 4288
392 494 486 534 120

304 996 313 1005 ’
386 1018 481 1073 125

378 2056 475 2111 ¹³5

375 2579 475 2629 ¹40

375 3098 474 3153 145

374 3620 472 3675 ¹50

1155 288 1385 346 uBER
1435 287 1850 349 SECUNDUS
2393 276 2396 279 ’
2529 296 2612 368 59

568 468 975 554 Obstipuere
1007 471 1230 546 animi,
1265 470 1663 554 gelidusque
1695 492 1816 556 per
1846 482 1982 538 ima
2012 473 2303 538 cucurrit

567 575 745 640 Ossa
775 584 1042 652 tremor,
1075 574 1184 639 cui
1213 574 1357 639 fata
1387 585 1646 657 parent,
1672 596 1875 660 quem
1907 587 2142 661 poscat
2172 578 2437 661 Apollo.

566 679 703 744 Hic
734 678 1012 744 Ithacus
1041 686 1264 744 vatem
1298 687 1550 762 magno
1581 679 1955 746 Calchanta
1986 682 2274 745 tumultu

566 782 900 848 Protrahit
927 784 998 847 in
1028 782 1323 862 medi6s3
1371 803 1545 868 quae
1577 783 1711 848 sint
1740 804 1823 849 ea
1853 787 2130 849 numina
2159 787 2404 864 divum,

564 888 875 971 Flagitat.
970 888 1062 953 Et
1090 887 1257 951 mihi
1285 887 1417 952 iarn
1450 888 1644 952 multi
1672 889 1942 953 crudele
1973 889 2306 954 canebant

563 993 863 1057 Artificis
893 993 1130 1070 scelus,
1163 1001 1233 1056 et
1261 993 1448 1056 taciti
1478 1000 1764 1056 ventura
1791 992 2126 1058 videbant.

652 1102 689 1131 “
712 1098 828 1161 Bis
858 1104 1098 1181 quinos
1129 1095 1282 1161 silet
1307 1095 1421 1160 ille
1452 1096 1617 1174 dies,
1648 1104 2000 1181 tectusque
2029 1105 2296 1163 recusat

564 1201 851 1266 Prodere
880 1209 1044 1265 voce
1075 1207 1198 1265 sui
1227 1220 1637 1286 quemquam
1669 1211 1784 1266 aut
1815 1208 2159 1285 opponere
2191 1211 2401 1265 morti.

561 1305 691 1370 Vix
719 1306 1014 1384 tandem,
1047 1313 1311 1388 magnis
1347 1305 1568 1371 Ithaci
1599 1304 1999 1370 clamoribus
2030 1312 2239 1382 actus,

561 1409 951 1493 Composito
981 1411 1234 1493 rumpit
1266 1417 1520 1487 vocem,
1548 1419 1618 1474 et
1640 1416 1750 1473 me
1778 1407 2069 1473 destinat
2098 1415 2270 1472 arae.

559 1513 947 1578 Adsensere
977 1521 1229 1589 omnes
1263 1522 1351 1590 et,
1385 1534 1561 1597 quae
1592 1512 1718 1579 sibi
1747 1512 2028 1597 quisque
2057 1511 2352 1589 timebat,

559 1601 783 1683 Unius
811 1619 882 1681 in
912 1619 1138 1683 miseri
1165 1616 1438 1682 exitium
1469 1637 1796 1682 conversa
1824 1616 2053 1681 tulere.

562 1721 841 1803 Iamque
872 1720 1016 1785 dies
1044 1721 1329 1785 infanda
1360 1722 1632 1798 aderat3
1679 1720 1842 1784 mihi
1873 1740 2064 1785 sacra
2095 1726 2333 1803 parari,

561 1823 652 1888 Et
682 1824 899 1888 salsae
929 1825 1182 1907 friigES,
1217 1834 1287 1889 et
1316 1824 1568 1889 circum
1598 1833 1904 1908 tempora
1932 1823 2156 1887 vittae.

560 1911 813 2011 Eripui‚
846 1929 1085 2005 fateor,
1118 1928 1253 1992 leto
1282 1935 1404 2009 me,
1445 1938 1515 1993 et
1544 1928 1813 1992 vincula
1843 1934 2010 2011 rupi,

562 2031 964 2115 Limosoque
995 2031 1143 2096 lacfi
1179 2052 1302 2115 per
1331 2042 1598 2096 noctem
1630 2031 1955 2096 obscurus
1984 2031 2052 2095 in
2086 2030 2241 2096 ulva

559 2135 832 2214 Delitui,
864 2135 1023 2200 dum
1055 2137 1205 2201 vela
1237 2136 1494 2213 darent,
1531 2146 1591 2201 si
1618 2135 1796 2201 forte
1824 2135 2184 2201 dedissent.

560 2240 706 2305 Nec
737 2240 903 2305 mihi
929 2242 1064 2304 iam
1096 2241 1382 2325 patriam
1417 2250 1762 2324 antiquam
1794 2248 1950 2324 spes
1982 2240 2117 2304 iilla
2146 2240 2433 2318 videndi,

560 2344 711 2412 Nec
738 2345 968 2410 dulces
997 2352 1192 2410 natos
1223 2353 1750 2430 exoptatumque
1780 2354 2128 2428 parentem
2153 2365 2171 2423 ;

556 2448 746 2533 Quos
777 2449 872 2513 illi
901 2450 1043 2513 fors
1073 2458 1144 2513 et
1172 2456 1426 2533 poenas
1459 2450 1547 2514 ob
1580 2459 1810 2513 nostra
1840 2458 2196 2532 reposcent

559 2552 853 2635 Effugia,
886 2562 956 2617 et
985 2553 1253 2637 culpam
1286 2554 1462 2618 hanc
1493 2553 1887 2618 miserorum
1918 2561 2131 2617 morte
2164 2553 2461 2635 piabunt.

557 2655 756 2739 Quod
787 2664 856 2721 te
888 2677 1009 2740 per
1040 2666 1319 2740 superos
1350 2667 1419 2722 et
1451 2657 1721 2722 conscia
1750 2657 2027 2720 nfimina
2058 2664 2213 2732 veri,

558 2760 701 2838 Per,
734 2770 794 2825 si
820 2780 955 2844 qua
984 2770 1105 2837 est,
1140 2783 1313 2845 quae
1345 2772 1555 2826 restet
1586 2762 1809 2826 adh-:ic
1846 2760 2236 2824 mortalibus
2269 2768 2550 2844 usquam

558 2863 965 2929 Intemerata
995 2865 1178 2943 fides,
1211 2873 1347 2942 oro,
1383 2868 1696 2930 miserere
1727 2865 2028 2930 laborum

510 2959 515 2962 V
555 2969 943 3046 Tantorum,
977 2969 1290 3035 miserere
1325 2970 1534 3034 animi
1563 2978 1698 3034 non
1731 2970 1935 3053 digna
1967 2968 2308 3034 ferentis.”

645 3073 777 3137 His
808 3072 1098 3138 lacrimis
1128 3084 1333 3139 vitam
1368 3075 1627 3153 damus,
1662 3084 1730 3139 et
1761 3073 2250 3139 miserescimus
2280 3074 2473 3138 ultro.

556 3178 717 3260 Ipse
745 3178 891 3241 viro
923 3187 1176 3260 primus
1208 3181 1506 3243 manicas
1541 3189 1742 3263 atque
1779 3188 1925 3243 arta
1955 3178 2162 3242 levari

553 3280 794 3346 Vincla
823 3280 1009 3346 iubet
1042 3282 1362 3359 Priamus,
1398 3283 1727 3367 dictisque
1760 3283 1852 3347 ita
1883 3283 2066 3364 fatur
2095 3291 2325 3346 amicis
2353 3301 2369 3345 ε

557 3389 595 3418 “
618 3384 944 3469 Quisquis
975 3406 1067 3463 es,
1100 3386 1380 3450 amissos
1412 3387 1569 3451 hinc
1601 3387 1733 3450 iam
1766 3387 2158 3451 obliviscere
2191 3386 2445 3451 Graios.

555 3489 805 3554 Noster
833 3489 984 3566 eriS,
1017 3490 1312 3575 mihique
1343 3491 1512 3555 haec
1545 3491 1837 3555 edissere
1867 3498 2025 3554 vera
2055 3501 2361 3573 roganti:

552 3592 709 3677 Quo
739 3594 982 3659 molem
1009 3595 1182 3659 hanc
1212 3596 1525 3658 immanis
1556 3605 1711 3677 equi
1741 3595 2080 3658 statuere?
2127 3595 2275 3677 quis
2314 3594 2594 3658 auctor?

551 3696 817 3782 Quidve
893 3698 1177 3791 penqnt?
1265 3718 1438 3782 quae
1521 3698 1771 3781 religio,
1850 3706 1966 3763 aut
2036 3718 2209 3782 quae
2285 3698 2595 3761 machina

724 3801 982 3867 belli?’'
