3015 4288
356 2412 422 2451 10

353 2926 417 2982 ιε

863 789 943 868 Ρ.
996 792 1465 868 VERGILI
1547 792 2066 869 MARoN1s

1044 1004 1371 1100 AEN
1396 1004 1884 1103 EIDOS

1062 1285 1356 1350 LIBER
1417 1285 1862 1370 QUINTUS

626 1450 893 1517 Interea
922 1452 1214 1516 medium
1247 1453 1522 1517 Aeneas
1552 1456 1684 1517 iarn
1716 1456 1931 1518 classe
1965 1453 2234 1519 tenebat

536 1555 775 1622 Certus
807 1557 948 1634 iter,
983 1557 1355 1640 fluctusque
1386 1567 1568 1621 atros
1599 1558 1909 1640 aquilone
1942 1557 2229 1634 secabat,

540 1660 808 1724 Moenia
841 1651 1221 1742 respicienS,
1256 1680 1427 1744 quae
1459 1660 1590 1725 iarn
1623 1662 1911 1726 infelicis
1947 1661 2205 1725 Elissae

536 1763 910 1828 Conlucent
941 1764 1241 1829 flammis.
1337 1763 1532 1847 Quae
1557 1764 1825 1828 ‘tantum
1859 1764 2239 1829 accenderit
2270 1766 2495 1847 ignem

532 1866 773 1944 Causa,
809 1868 1008 1944 latet3
1058 1868 1205 1931 duri
1236 1889 1483 1950 magno
1516 1869 1636 1932 sed
1669 1889 1894 1932 amore
1926 1869 2189 1932 dolores

537 1971 814 2049 Polluto,
848 1980 1232 2055 notumque,
1268 1973 1500 2035 furens
1534 1972 1695 2056 quid
1730 1973 1983 2036 femina
2015 1974 2245 2056 possit,

534 2075 755 2139 Triste
787 2095 907 2160 per
937 2075 1286 2159 augurium
1318 2076 1732 2140 Teucrorum
1767 2087 2040 2161 pectora
2072 2077 2341 2141 ducunt.

621 2181 718 2247 Ut
750 2180 1030 2263 pelagus
1063 2191 1336 2245 tenuere
1370 2191 1566 2259 rateS,
1600 2202 1726 2247 nec
1758 2184 1889 2245 iarn
1924 2182 2210 2265 amplius
2243 2182 2375 2245 ulla

533 2282 842 2349 Occurrit
872 2283 1088 2362 tellus,
1123 2284 1332 2348 maria
1364 2286 1658 2369 undique
1689 2296 1756 2350 et
1788 2286 2081 2369 undique
2112 2287 2390 2361 caelum,

531 2387 669 2452 Olli
697 2389 1043 2451 caeruleus
1075 2409 1279 2471 supra
1308 2399 1513 2473 caput
1543 2390 1796 2453 adstitit
1827 2389 2058 2467 imber,

536 2490 820 2556 Noctem
853 2492 1275 2576 hiememque
1311 2494 1556 2571 ferenS,
1585 2504 1651 2558 et
1685 2494 2011 2557 inhorruit
2043 2492 2222 2556 unda
2254 2491 2546 2557 tenebris

535 2595 692 2678 Ipse
723 2597 1130 2679 gubernator
1163 2598 1376 2682 puppi
1409 2598 1759 2662 Palinurus
1792 2597 1876 2660 ab
1910 2597 2081 2661 alta:

536 2703 574 2732 ‘⁴
596 2699 791 2763 Heu!
839 2701 1153 2783 quianam
1189 2698 1359 2766 tanti
1391 2702 1741 2765 cinxerunt
1774 2702 2048 2765 aethera
2080 2699 2332 2763 nimbi?

533 2798 817 2881 Quidve,
851 2810 1043 2883 pater
1077 2803 1415 2884 Neptune,
1452 2822 1651 2885 paras
1673 2801 1697 2864 ?
1718 2801 1753 2826 ''
1849 2800 1958 2864 Sic
1991 2800 2232 2864 deinde
2266 2799 2526 2862 locutus

530 2902 861 2984 Colligere
894 2924 1077 2968 arma
1110 2905 1293 2969 iubet
1324 2905 1693 2988 validisque
1726 2904 2109 2969 incumbere
2141 2903 2359 2979 remiS,

533 3005 986 3091 Obliquatque
1017 3011 1203 3073 sinus
1235 3009 1303 3072 in
1334 3020 1629 3086 ventum,
1664 3030 1741 3073 ac
1775 3008 1933 3072 talia
1966 3008 2183 3070 fatur:

534 3114 573 3143 ‘⁸
596 3112 1032 3195 Magnanime
1065 3116 1321 3193 Aenea,
1359 3137 1514 3193 non,
1552 3116 1607 3179 si
1640 3113 1802 3177 mihi
1839 3112 2142 3195 Iuppiter
2173 3122 2403 3174 auctor
2478 3176 2483 3181 ,

534 3213 898 3297 Spondeat,
935 3219 1060 3282 hoc
1096 3240 1358 3302 sperem
1395 3220 1657 3284 Italiam
1691 3217 2082 3298 contingere
2115 3216 2318 3278 caelo.

536 3321 781 3387 Mutati
814 3334 1193 3389 transversa
1228 3327 1526 3391 fremunt
1558 3337 1624 3390 et
1656 3343 1935 3406 vespere
1968 3321 2052 3385 ab
2086 3331 2230 3383 atro

530 3423 961 3510 Consurgunt
993 3431 1191 3506 venti,
1230 3440 1429 3514 atque
1463 3430 1529 3494 in
1563 3430 1806 3492 nubem
1840 3429 2101 3508 cogitur
2131 3445 2264 3488 aer.

536 3528 682 3594 Nec
713 3552 836 3595 nos
868 3533 1076 3597 obniti
1110 3544 1359 3610 contra,
1397 3555 1523 3598 nec
1554 3534 1831 3596 tendere
1858 3541 2117 3594 tanturn

532 3633 930 3700 SufficimuS.
1029 3637 1317 3719 Superat
1350 3638 1664 3720 quoniam
1703 3638 2021 3710 Fortuna,
2059 3652 2434 3715 sequamur,

530 3735 815 3822 Quoque
848 3741 1069 3817 vocat,
1096 3751 1434 3805 vertamus
1468 3742 1609 3805 iter.
1709 3741 1854 3803 Nec
1887 3739 2078 3802 litora
2110 3737 2308 3820 longe

1421 3854 1510 3910 ¹²⁵
