3015 4288
1109 246 1341 302 LIBER
1392 237 1861 303 UNDEC'1MUS
2476 242 2601 321 285

1012 352 1102 431 a&
1115 308 1382 406 W&

555 426 723 505 Ite,”
756 424 868 505 ait,
905 429 943 462 ‘⁸
967 427 1275 511 egregias
1305 426 1584 505 animas,
1619 447 1791 512 quae
1821 426 2150 512 sanguine
2180 429 2373 496 nobis

403 553 474 610 25
558 532 760 596 Hanc
792 531 1077 615 patriam
1110 550 1432 614 peperere
1463 551 1606 608 suo,
1640 532 1952 597 decorate
1983 536 2315 616 supremis

558 634 972 712 Muneribus,
1007 644 1466 718 maestamque
1502 635 1803 699 Euandri
1834 636 2089 718 primus
2120 639 2205 702 ad
2236 638 2469 704 urbem

555 740 866 804 Mittatur
897 739 1133 816 Pallas,
1169 758 1368 823 quem
1402 759 1538 803 non
1567 740 1832 804 virtutis
1863 751 2173 825 egentem

554 844 857 909 Abstulit
886 853 1032 908 atra
1062 842 1206 907 dies
1238 852 1307 907 et
1336 845 1577 908 funere
1608 845 1837 910 mersit
1867 846 2172 911 acerbo.”

642 949 754 1015 Sic
785 949 879 1014 ait
908 947 1335 1012 inlacrimans
1370 948 1741 1033 recipitque
1776 950 1860 1014 ad
1893 950 2122 1014 limina
2151 971 2478 1033 gressum,

403 1076 476 1130 3ο
550 1053 812 1137 Corpus
845 1051 961 1116 ubi
991 1051 1279 1116 exanimi
1313 1052 1606 1136 positum
1646 1053 1964 1119 Pallantis
1996 1054 2292 1120 Acoetes

556 1157 883 1223 Servabat
912 1157 1153 1234 senior,
1189 1156 1304 1240 qui
1337 1158 1691 1222 Parrhasio
1725 1157 2045 1222 Euandro
2122 1214 2153 1251 ,ἶ
2194 1220 2217 1235 ,

553 1260 872 1345 Armiger
899 1270 1059 1326 ante
1088 1260 1238 1341 fuit,
1271 1262 1391 1326 sed
1423 1282 1559 1326 non
1591 1262 1898 1326 felicibus
1929 1238 2144 1370 aequ}
2188 1340 2193 1349 1
2221 1305 2275 1360 ss
2312 1336 2323 1352 ι
2390 1292 2399 1299 ,
2508 1310 2513 1323 .
2570 1310 2575 1319 .

554 1366 728 1430 Tum
760 1386 988 1431 comes
1018 1334 1526 1450 auspicffiaro
1555 1367 1752 1431 datus
1781 1367 1922 1431 ibat
1952 1326 2241 1431 alumno.

554 1470 822 1536 Circum
845 1470 1071 1534 *omnis
1103 1470 1567 1554 famulumque
1601 1491 1839 1535 manus
1871 1472 2297 1554 Troianaque
2328 1470 2525 1549 turba

275 1562 304 1641 ‚⁹
402 1596 471 1652 35
557 1574 646 1638 Et
677 1583 1005 1639 maestum
1042 1573 1290 1639 Iliades
1325 1576 1577 1639 crinem
1610 1576 1695 1640 de
1726 1595 1910 1640 more
1940 1575 2217 1639 solutae.

556 1678 654 1742 Ut
685 1699 845 1743 vero
878 1678 1153 1743 Aeneas
1186 1678 1445 1743 foribus
1477 1698 1626 1742 sese
1656 1677 1878 1742 intulit
1907 1679 2141 1756 altis„
2180 1717 2220 1753 -·
2488 1704 2575 1789 Ι),
2612 1724 2623 1749 2
2670 1706 2681 1741 ,¹

465 1810 506 1837 ·τ
559 1781 916 1864 Ingentem
943 1782 1269 1865 gemitum
1305 1754 1522 1950 furi&
1542 1760 1639 1845 uad
1672 1764 1890 1859 sidera
1919 1782 2165 1950 tolluft

557 1885 963 1964 PectoribuS,
999 1896 1391 1969 maestoque
1457 1892 1464 1899 “
1519 1882 1734 1969 mugit
1764 1887 1948 1968 regia
1979 1886 2085 1951 luc
2109 1876 2189 1950 'u.‘

558 1990 736 2073 Ipse,
770 2010 851 2054 ca
901 2001 976 2054 ut
1006 1990 1185 2055 nivei
1215 1990 1817 2067 fultumPallantjs
1846 1999 1915 2077 et
1945 2009 2062 2053 ora

398 2116 479 2167 40
558 2093 657 2184 Ut
685 2010 1148 2187 xri-flevique
1180 2103 1422 2179 patens
1453 2093 1524 2158 in
1556 2103 1827 2177 pectore
1856 2094 2099 2159 vulnus

557 2185 871 2281 Cuspidis
901 2198 1268 2276 Ausoniae,
1306 2197 1596 2284 lacrimis
1627 2198 1719 2262 ita
1750 2199 1932 2262 fatur
1962 2197 2250 2263 obortis:

645 2302 684 2331 “
703 2296 955 2376 Tene,''
986 2298 1221 2381 inquit,
1260 2304 1297 2332 “
1319 2298 1698 2363 miserande
1730 2318 1914 2381 puer,
1939 2318 2091 2362 cum
2126 2297 2299 2363 laeta
2321 2298 2599 2384 veniret,

557 2401 807 2466 Invidit
839 2393 1139 2467 Fort'una
1170 2402 1352 2479 mihi,
1387 2423 1473 2467 ne
1504 2422 1715 2485 regna
1742 2401 2005 2466 videres

558 2506 825 2583 Nostra,
857 2526 1077 2590 neque
1109 2507 1195 2570 ad
1228 2507 1425 2571 sedes
1453 2506 1666 2571 victor
1695 2506 2017 2571 veherere
2063 2505 2424 2589 paternas?

395 2632 474 2689 45
559 2610 715 2674 Non
750 2611 916 2674 haec
950 2608 1270 2674 Euandro
1302 2610 1387 2674 de
1416 2619 1485 2674 te
1517 2610 1845 2692 promissa
1877 2610 2142 2693 parenti

558 2713 932 2779 Discedens
963 2714 1300 2791 dederam,
1333 2734 1486 2778 cum
1519 2733 1626 2777 me
1657 2713 2045 2796 complexus
2076 2721 2346 2778 euntem

558 2817 859 2883 Mitteret
888 2819 958 2882 in
990 2838 1312 2901 magnum
1343 2817 1719 2901 imperium,
1752 2826 2192 2900 metuensque
2224 2826 2524 2897 moneret

555 2922 771 2989 Acres
801 2942 950 2987 esse
980 2922 1158 2987 viros
1184 2942 1200 2998 ;
1247 2942 1401 3002 cum
1432 2922 1601 2985 dura
1634 2921 1886 3004 proelia
1916 2929 2139 3003 gente.

558 3025 646 3089 Et
669 3045 847 3090 nunc
878 3025 988 3090 ille
1020 3025 1289 3109 quidem
1322 3045 1444 3109 spe
1477 3024 1761 3088 multum
1794 3033 2034 3107 captus
2065 3022 2246 3087 inani
2284 3067 2288 3071 Δ

401 3150 478 3209 50
558 3129 725 3193 Fors
756 3138 826 3193 et
853 3138 1010 3194 vota
1041 3129 1222 3207 facit,
1258 3129 1687 3212 cumulatque
1718 3127 1953 3192 altaria
1984 3126 2213 3203 donis;

556 3233 700 3297 Nos
730 3234 1042 3298 iuvenem
1073 3235 1453 3298 exanimum
1486 3242 1555 3297 et
1586 3232 1680 3296 nil
1710 3231 1842 3295 iam
1874 3230 2455 3315 caelestibusullis

531 3336 934 3402 ’Debentem
965 3357 1141 3401 vano
1173 3336 1409 3402 maesti
1438 3336 1834 3401 comitamur
1865 3336 2135 3416 honore.

557 3439 822 3517 Infelix,
855 3442 994 3504 nati
1027 3442 1231 3505 funus
1263 3438 1534 3505 crudele
1564 3439 1822 3504 videbis
1848 3439 1862 3503 l

556 3543 652 3607 Hi
683 3545 890 3608 nostri
920 3545 1193 3621 redituS,
1227 3544 1725 3628 exspectatique
1755 3544 2075 3626 triumphi
2101 3543 2125 3606 ?

406 3669 471 3727 55
558 3648 751 3713 Haec
783 3669 932 3712 mea
980 3669 1225 3731 magna
1256 3648 1468 3713 fides?
1559 3648 1656 3712 At
1687 3668 1841 3724 non,
1880 3648 2213 3721 Euandre,
2260 3647 2588 3729 pudendis

551 3751 956 3837 Vulneribus
988 3752 1257 3835 pulsum
1287 3751 1573 3838 aspicies
1593 3772 1611 3829 ;
1658 3771 1782 3816 nec
1815 3751 2066 3834 sospite
2110 3750 2324 3846 dirum¹
2394 3831 2419 3834 .,

800 3873 1030 3960 Αἰγιμίῳ
1150 3877 1168 3920 2
1225 3875 1234 3910 t
1279 3887 1290 3906 r
1335 3903 1344 3906 ι
1423 3889 1434 3910 ι
1550 3891 1557 3900 =
1936 3837 2073 3898 ’χῆδ’
2316 3859 2349 3878 ²
2404 3851 2409 3858 ’

2442 1872 2537 1905 ⁴⁸⁴<
