3015 4288
337 702 444 758 4⁵0

336 1325 438 1381 455

336 2353 436 2421 465

333 2885 438 2938 470

332 3402 431 3458 475

1131 285 1364 342 LIBER
1415 289 1778 343 OCTAVUS
2429 293 2511 341 22
2526 293 2552 342 ῐ

517 469 684 536 Tela
717 468 1130 546 Latinorum,
1165 478 1615 553 septenosque
1645 468 1914 533 orbibus
1946 467 2143 533 orbes

521 574 923 658 Impediunt.
1018 572 1157 638 Alii
1185 574 1480 638 ventosis
1511 573 1782 637 follibus
1811 593 2008 637 auras

518 678 884 762 Accipiunt
914 677 1375 761 redduntque;
1422 677 1534 740 alii
1565 677 1911 741 stridentia
1933 678 2203 759 tingunt

520 783 704 846 Aera
735 783 901 846 lacu.
997 782 1221 847 Gemit
1254 781 1581 865 impositis
1610 781 1963 846 incudibus
2000 791 2284 846 antrum.

520 886 628 951 Illi
657 887 829 951 inter
859 907 1007 951 sese
1038 887 1247 950 multa
1276 887 1343 950 vi
1372 887 1684 950 bracchia
1715 887 1954 950 tollunt

520 991 602 1054 In
633 1010 1001 1067 numerum,
1035 999 1440 1073 versantque
1468 991 1691 1054 tenaci
1722 991 1978 1074 forcipe
2010 1010 2321 1055 massam.

606 1200 801 1264 Haec
832 1208 1022 1283 pater
1053 1199 1311 1264 Aeoliis
1344 1210 1659 1283 properat
1690 1199 1848 1263 dum
1884 1198 2205 1264 Lemnius
2235 1199 2389 1276 oriS,

521 1303 909 1367 Euandrum
939 1322 1022 1367 ex
1055 1303 1284 1367 humili
1316 1312 1493 1367 tecto
1526 1305 1635 1367 lux
1667 1304 1941 1368 suscitat
1974 1305 2150 1366 alma

521 1408 609 1470 Et
639 1407 946 1471 matutini
973 1407 1319 1472 volucrum
1353 1408 1479 1471 sub
1510 1408 1799 1472 culmine
1830 1416 2083 1471 cantus.

520 1511 883 1594 Consurgit
913 1514 1151 1588 senior,
1185 1511 1544 1595 tunicaque
1575 1512 1906 1575 inducitur
1935 1522 2138 1588 artus,

522 1616 608 1679 Et
643 1616 995 1701 Tyrrhena
1028 1616 1275 1699 pedum
1307 1617 1675 1681 circumdat
1706 1616 1969 1679 vincula
2002 1615 2284 1697 plantis;

516 1720 692 1783 Tum
724 1720 910 1784 lateri
941 1730 1143 1803 atque
1174 1723 1420 1785 umeris
1450 1722 1833 1803 Tegeaeum
1867 1721 2156 1802 subligat
2185 1740 2436 1797 ensem,

520 1823 832 1887 Demissa
864 1823 949 1887 ab
979 1825 1169 1888 laeva
1202 1826 1572 1907 pantherae
1603 1834 1792 1906 terga
1822 1835 2230 1906 retorquens

521 1928 667 1991 Nec
698 1948 833 1991 non
866 1938 935 1991 et
964 1928 1215 2011 gemini
1254 1929 1570 1993 custodes
1606 1928 1829 1991 limine
1861 1928 1945 1990 ab
1977 1929 2112 1991 alto

518 2032 935 2096 Praecedunt
965 2053 1404 2115 gressumque
1435 2052 1641 2095 canes
1671 2032 2069 2095 comitantur
2098 2031 2348 2094 erilem.

521 2135 830 2219 Hospitis
862 2136 1139 2201 Aeneae
1173 2136 1399 2200 sedern
1433 2147 1500 2200 et
1533 2148 1788 2201 secreta
1820 2133 2107 2219 petebat,

518 2239 917 2304 Sermonum
948 2261 1203 2303 memor
1232 2250 1302 2304 et
1331 2239 1640 2323 promissi
1672 2240 1981 2314 muneriS,
2017 2240 2233 2304 heros,

521 2344 664 2408 Nec
699 2344 918 2408 minus
950 2345 1224 2408 Aeneas
1257 2364 1329 2408 se
1363 2344 1728 2407 matutinus
1760 2343 2019 2425 agebat.

519 2446 727 2510 Filius
759 2447 914 2512 huic
948 2448 1183 2523 Pallas,
1218 2447 1312 2511 illi
1343 2468 1569 2511 comes
1600 2447 1736 2510 ibat
1770 2448 2086 2510 Achates

517 2550 879 2633 Congressi
911 2551 1199 2633 iungunt
1232 2552 1518 2627 dextraS‚
1553 2551 1919 2633 mediisque
1950 2551 2253 2614 residunt

516 2654 841 2731 Aedibus,
875 2664 943 2719 et
972 2654 1152 2718 licito
1181 2655 1454 2718 tandem
1488 2674 1795 2718 sermone
1826 2655 2155 2717 fruuntur.

517 2758 662 2821 Rex
693 2760 873 2841 prior
902 2759 1107 2822 haec:

519 2867 555 2894 ‘⁶
579 2862 874 2927 Maxime
904 2864 1316 2927 Teucrorum
1347 2864 1602 2939 ductor,
1637 2885 1768 2945 quo
1801 2863 2049 2944 sospite
2081 2881 2445 2943 numquam

517 2966 654 3030 Res
687 2965 992 3049 equidem
1026 2966 1268 3030 Troiae
1300 2968 1512 3029 victas
1545 2976 1661 3029 aut
1690 2986 1897 3046 regna
1930 2963 2195 3027 fatebor
2253 2975 2257 2979 “

517 3068 730 3134 Nobis
761 3069 846 3133 ad
878 3070 1034 3134 belli
1067 3069 1378 3134 auxilium
1415 3091 1536 3152 pro
1568 3069 1835 3133 nomine
1866 3079 2053 3132 tanto

517 3171 816 3256 Exiguae
845 3174 1021 3238 vires
1050 3193 1064 3237 ε
1112 3173 1268 3237 hinc
1299 3175 1524 3237 Tusco
1556 3173 1924 3236 claudimur
1956 3174 2152 3249 amni,
2227 3192 2234 3199 ·

517 3277 699 3341 Hinc
735 3278 1024 3342 Rutulus
1057 3278 1316 3362 premit,
1351 3287 1419 3342 et
1453 3298 1711 3341 murum
1746 3277 2190 3341 circumsonat
2224 3277 2443 3339 armis.

515 3381 649 3445 Sed
681 3382 800 3445 tibi
832 3403 960 3464 ego
991 3382 1300 3464 ingentes
1334 3383 1618 3465 populos
1650 3383 2099 3464 opulentaque
2132 3380 2358 3462 regnis

516 3485 806 3568 Iungere
838 3498 1056 3551 castra
1089 3508 1271 3568 par0,
1305 3508 1503 3570 quam
1539 3488 1680 3550 fors
1712 3487 1983 3568 inopina
2014 3486 2294 3548 salutem

515 3589 849 3654 Ostentat.
949 3593 1133 3655 Fatis
1166 3592 1296 3654 huc
1329 3602 1396 3655 te
1432 3590 1862 3673 poscentibus
1895 3591 2138 3652 adfers.

516 3694 719 3758 Haud
754 3696 984 3778 procul
1018 3697 1172 3758 hinc
1207 3716 1364 3758 saxo
1397 3696 1703 3758 incolitur
1735 3696 2017 3758 fundata
2049 3702 2312 3756 vetusto

512 3797 720 3866 Urbis
752 3800 1118 3885 Agyllinae
1151 3799 1364 3876 sedes,
1398 3799 1514 3863 ubi
1550 3798 1765 3884 Lydia
1796 3797 2133 3881 quondam
