3015 4288
467 266 585 332 144

457 552 550 615 ⁶05

454 1071 553 1117 610

453 1590 547 1654 615

453 2107 553 2156 620

454 2629 549 2693 625

456 3148 555 3209 630

1177 256 1490 314 VERGILI
1546 258 1706 315 AEN
1715 256 1948 313 EIDOS

724 436 855 504 Hic
889 441 1174 523 primum
1212 441 1509 503 Fortuna
1544 441 1741 503 fidem
1776 451 2028 503 mutata
2061 441 2346 504 novavit.

636 546 813 606 Dum
848 548 1045 608 variis
1077 545 1332 608 tumulo
1364 546 1666 609 referunt
1699 545 2046 607 sollemnia
2079 545 2266 617 ludis,

636 649 789 710 Irim
824 649 907 711 de
940 650 1125 712 caelo
1159 648 1334 710 misit
1368 649 1683 712 Saturnia
1719 650 1890 712 Iuno

637 753 903 814 Iliacam
938 753 1023 815 ad
1055 754 1357 828 classem,
1389 763 1762 836 ventosque
1794 755 2091 837 adspirat
2122 758 2322 829 eunti,

636 857 850 919 Multa
880 877 1174 933 movenS,
1208 857 1496 920 necdum
1531 859 1877 941 antiquum
1913 841 2208 945 saturata
2240 858 2555 921 dolorem.

636 961 775 1036 Illa,
807 960 984 1023 viam
1016 960 1319 1024 celerans
1351 982 1472 1044 per
1502 962 1683 1025 mille
1716 962 2047 1025 coloribus
2079 982 2325 1036 arcum,

632 1065 816 1127 Nulli
846 1065 989 1127 visa
1021 1066 1153 1128 cito
1184 1065 1475 1129 decurrit
1505 1065 1770 1129 tramite
1799 1066 2008 1148 virg0.

631 1167 972 1251 Conspicit
1003 1167 1347 1250 ingentem
1378 1190 1798 1245 concursum,
1831 1179 1901 1233 et
1931 1169 2122 1233 litora
2155 1170 2406 1244 lustrat,

636 1272 1086 1355 Desertosque
1115 1273 1300 1337 videt
1332 1284 1567 1356 portus
1597 1272 2014 1355 classemque
2047 1273 2364 1336 relictam.

633 1376 729 1438 At
762 1375 989 1458 procul
1021 1376 1090 1439 in
1124 1377 1264 1440 sola
1296 1386 1592 1440 secretae
1623 1376 1925 1440 Troades
1957 1387 2107 1439 acta

630 1479 974 1541 Amissum
1002 1480 1352 1542 Anchisen
1385 1479 1655 1555 flebant,
1690 1491 2105 1563 cunctaeque
2137 1481 2544 1564 profundum
2636 1502 2639 1507 ·

631 1584 913 1646 Pontum
948 1583 1387 1666 aspectabant
1418 1582 1676 1647 flenteS.
1728 1608 1754 1622 ·
1775 1583 1931 1646 Heu
1963 1593 2060 1647 tot
2091 1585 2264 1647 vada
2301 1584 2496 1648 fessis

633 1687 719 1749 Et
749 1670 1008 1749 tantum
1043 1707 1396 1768 superesse
1429 1687 1666 1750 maris!
1715 1709 1843 1750 vox
1875 1688 2185 1750 omnibus
2218 1708 2368 1750 una.

632 1790 886 1855 Urbem
919 1798 1149 1869 orant3
1197 1790 1423 1854 taedet
1453 1789 1678 1874 pelagi
1711 1792 2011 1873 perferre
2044 1791 2356 1855 laborem.

634 1895 817 1976 Ergo
846 1893 1017 1956 inter
1050 1894 1305 1957 medias
1338 1914 1486 1957 sese
1518 1894 1698 1957 haud
1729 1896 1965 1976 ignara
1997 1894 2283 1958 nocendi

632 1997 909 2072 Conicit,
942 2006 1011 2061 et
1044 1997 1422 2080 faciemque
1452 1998 1620 2061 deae
1650 2008 2041 2082 vestemque
2075 1998 2373 2081 reponit;

637 2101 745 2165 Fit
780 2102 1009 2178 Beroe,
1044 2101 1297 2165 Tmarii
1329 2102 1618 2165 coniunx
1649 2101 1978 2184 longaeva
2015 2102 2306 2187 Dorycli,

632 2207 756 2270 Cui
787 2226 1001 2287 genus
1031 2214 1100 2269 et
1131 2206 1468 2288 quondam
1501 2227 1746 2270 nomen
1779 2209 2049 2288 natique
2081 2206 2404 2284 fuissent;

631 2310 738 2373 Ac
770 2309 862 2372 sic
900 2310 1363 2372 Dardanidum
1396 2310 1683 2372 mediam
1721 2330 1793 2373 se
1825 2309 2151 2372 matribus
2181 2310 2424 2373 infert:

635 2419 670 2446 ‘⁶
695 2413 756 2478 O
791 2415 1088 2489 miserae,
1125 2435 1292 2496 quas
1322 2434 1458 2476 non
1491 2434 1732 2477 manus
1757 2413 1794 2439 ’'
1830 2413 2043 2493 inquit
2078 2418 2116 2445 ‘⁴
2137 2413 2439 2476 Achaica
2471 2414 2644 2478 bello

630 2517 931 2581 Traxerit
964 2518 1049 2580 ad
1084 2518 1288 2581 letum
1322 2518 1580 2602 patriae
1613 2517 1736 2580 sub
1769 2516 2154 2581 moenibus!
2207 2517 2268 2579 O
2304 2536 2472 2597 gens

633 2621 896 2696 Infelix,
931 2620 1039 2685 cui
1068 2630 1137 2684 te
1170 2621 1370 2684 exitio
1405 2623 1706 2684 Fortuna
1736 2620 2079 2684 reservat?

634 2724 934 2808 Septima
968 2734 1121 2807 post
1150 2725 1393 2788 Troiae
1423 2725 1752 2788 excidium
1785 2723 1916 2786 iam
1949 2723 2225 2788 vertitur
2260 2736 2479 2788 aestas

635 2829 801 2892 Cum
835 2829 1029 2904 freta,
1063 2849 1217 2891 cum
1249 2837 1462 2891 terras
1492 2848 1743 2903 omneS,
1778 2836 1878 2891 tot
1906 2828 2247 2909 inhospita
2279 2849 2436 2890 saxa

635 2931 1000 3015 Sideraque
1033 2953 1347 2996 emensae
1380 2932 1676 3008 ferimur,
1711 2931 1872 2994 dum
1906 2952 2025 3013 per
2062 2952 2242 2993 mare
2278 2951 2595 3012 magnum

636 3037 897 3099 Italiam
934 3039 1273 3119 sequimur
1306 3037 1699 3119 fugientem,
1732 3044 1802 3099 et
1832 3035 2158 3097 volvimur
2190 3036 2402 3098 undis.

636 3141 766 3203 Hic
804 3141 1041 3226 Erycis
1073 3142 1240 3205 fines
1272 3141 1569 3216 fraterni,
1605 3150 1807 3222 atque
1838 3139 2087 3221 hospes
2119 3139 2441 3202 Acestes:

635 3245 803 3327 Quis
835 3245 1145 3327 prohibet
1176 3266 1401 3309 muros
1432 3245 1651 3309 iacere
1681 3253 1751 3307 et
1782 3244 1940 3307 dare
1976 3242 2230 3305 civibus
2264 3242 2539 3305 urbem?

636 3347 698 3412 O
732 3350 944 3430 patria
977 3359 1044 3412 et
1076 3351 1248 3431 rapti
1281 3349 1685 3431 nequiquam
1720 3368 1800 3411 ex
1833 3348 2025 3410 hoste
2060 3346 2361 3421 PenateS,

636 3453 926 3517 Nullane
958 3453 1087 3516 iam
1123 3454 1365 3518 Troiae
1398 3456 1701 3517 dicentur
1735 3452 2041 3516 moenia?
2089 3473 2419 3535 nusquam

637 3557 1009 3621 Hectoreos
1040 3558 1292 3633 amnes,
1320 3559 1665 3621 Xanthum
1701 3566 1767 3621 et
1795 3557 2156 3632 Simoenta,
2183 3556 2468 3620 videbo?

637 3660 814 3743 Quin
853 3661 1031 3742 agite
1064 3672 1130 3725 et
1164 3682 1422 3725 mecum
1457 3662 1787 3724 infaustas
1822 3660 2074 3723 exurite
2108 3681 2387 3741 puppes,

637 3764 809 3826 Nam
846 3765 1004 3826 mihi
1039 3765 1459 3829 Cassandrae
1495 3785 1612 3846 per
1648 3783 1953 3826 somnum
1986 3764 2155 3825 vatis
2188 3762 2411 3845 imago
