3015 4288
505 238 627 315 184

490 1271 556 1326 95

495 1796 590 1834 100

1215 240 1536 294 VERGILI
1589 240 1989 294 AENEIDOS

670 420 842 486 Cum
871 419 1023 487 tulit
1052 428 1123 485 et
1152 440 1496 484 caesarum
1529 421 1751 484 ovium
1785 420 1911 483 sub
1939 429 2138 485 nocte
2168 419 2388 484 silenti

673 523 965 588 Pellibus
993 522 1296 588 incubuit
1326 524 1552 587 stratis
1582 544 1988 607 somnosque
2019 524 2273 607 petivit,

674 627 890 691 Multa
918 627 1137 691 modis
1168 626 1525 690 simulacra
1555 627 1739 691 videt
1763 627 2110 691 volitantia
2142 628 2341 704 miriS,

671 732 759 796 Et
788 731 1008 796 varias
1040 730 1226 795 audit
1255 751 1475 806 voceS,
1511 730 1888 814 fruiturque
1916 731 2193 795 deorum

671 835 1060 919 Conloquio,
1094 845 1299 919 atque
1328 835 1480 898 imis
1512 835 1905 899 Acheronta
1935 835 2205 899 adfatur
2233 835 2526 899 Avernis

672 939 808 1004 Hic
838 949 908 1005 et
934 949 1078 1004 tum
1109 948 1303 1023 pater
1333 938 1480 1023 ipse
1513 948 1751 1023 petens
1783 959 2109 1022 responsa
2143 939 2425 1002 Latinus

671 1043 958 1110 Centum
990 1043 1323 1126 lanigeras
1356 1043 1696 1106 mactabat
1730 1042 1854 1107 rite
1886 1043 2209 1120 bidentes,

671 1147 901 1232 Atque
931 1147 1169 1211 harum
1201 1147 1481 1212 effultus
1511 1156 1704 1229 tergo
1736 1146 2093 1230 stratisque
2122 1146 2389 1211 iacebat.

670 1251 1084 1329 Velleribus3
1136 1250 1355 1315 subita
1385 1271 1470 1314 ex
1499 1251 1638 1315 alto
1666 1271 1797 1315 vox
1826 1250 2086 1315 reddita
2116 1252 2265 1315 luco
2293 1261 2435 1315 est:

673 1359 711 1388 ‘⁸
734 1355 841 1420 Ne
871 1365 1028 1439 pete
1059 1354 1362 1419 conubiis
1393 1364 1621 1418 natam
1653 1355 1908 1418 sociare
1942 1354 2218 1431 Latinis,

674 1458 737 1525 O
768 1479 919 1522 mea
950 1461 1327 1542 progenies,
1360 1458 1675 1522 thalamis
1703 1479 1837 1522 neu
1869 1459 2068 1523 crede
2097 1459 2384 1542 paratis-3

673 1563 949 1627 Externi
979 1561 1257 1627 veniunt
1287 1560 1539 1645 generi,
1573 1561 1690 1646 qui
1719 1560 2047 1644 sanguine
2078 1572 2377 1626 nostrum

674 1665 939 1730 Nomen
970 1667 1039 1729 in
1071 1675 1252 1730 astra
1281 1667 1524 1742 ferant,
1557 1686 1974 1749 quorumque
2005 1665 2092 1729 ab
2123 1665 2332 1748 stirpe
2363 1675 2647 1747 nepotes

671 1769 920 1835 Omnia
951 1770 1076 1833 sub
1108 1769 1410 1853 pedibus,
1444 1789 1582 1852 qua
1612 1769 1730 1833 Sol
1761 1779 2118 1852 utrumque
2149 1789 2505 1845 recurrens

669 1873 936 1957 Aspicit
968 1874 1339 1950 Oceanum,
1371 1874 1677 1957 vertique
1707 1874 1986 1957 regique
2014 1871 2399 1937 videbunt.''
2502 1946 2507 1949 Α

619 1998 622 2003 ·
672 1977 863 2041 Haec
893 1997 1217 2060 responsa
1248 1978 1459 2061 patris
1494 1976 1711 2040 Fauni
1743 1976 2173 2060 monitusque
2194 1975 2431 2040 silenti‘

494 2309 586 2365 ¹05

494 2836 588 2874 uo

494 3348 586 3404 115

670 2080 889 2147 Nocte
918 2081 1111 2146 datos
1142 2101 1274 2144 non
1306 2082 1452 2165 ipse
1481 2101 1607 2144 suo
1639 2082 1882 2165 premit
1912 2101 2026 2146 ore
2062 2079 2363 2156 LatinuS,
2482 2096 2515 2103 ’”

668 2186 802 2251 Sed
834 2186 1082 2250 circum
1115 2185 1250 2249 late
1278 2187 1568 2250 volitans
1597 2187 1732 2248 iam
1767 2186 1980 2249 Fama
2012 2206 2133 2269 per
2165 2183 2397 2249 urbes‘

665 2290 1008 2354 Ausonias
1038 2288 1299 2366 tulerat,
1334 2310 1487 2352 cum
1525 2290 2009 2354 Laomedontia
2040 2289 2254 2372 pubes

667 2394 1028 2460 Gramineo
1060 2394 1247 2475 ripae
1278 2393 1584 2475 religavit
1616 2393 1702 2457 ab
1734 2414 1984 2475 aggere
2015 2392 2316 2458 classem.
2372 2425 2379 2428 f

641 2509 645 2514 ’
754 2497 1028 2561 Aeneas
1063 2494 1391 2579 primique
1423 2497 1629 2560 duces
1660 2507 1727 2560 et
1761 2496 2038 2579 pulcher
2073 2496 2261 2560 Iulus

667 2602 965 2684 Corpora
999 2598 1124 2664 sub
1156 2600 1358 2664 ramis
1390 2600 1737 2682 deponunt
1769 2600 2023 2663 arboris
2054 2600 2247 2676 altae,

671 2706 1170 2786 Instituuntque
1205 2703 1433 2786 dapes,
1468 2695 1539 2766 et
1570 2704 1813 2768 adorea
1848 2703 1979 2767 liba
2012 2725 2130 2787 per
2162 2703 2435 2769 herbam
2488 2719 2493 2720 ’

669 2808 1019 2875 Subiciunt
1052 2807 1284 2889 epuliS,
1306 2806 1510 2870 ——sic
1545 2807 1851 2889 Iuppiter
1882 2807 2027 2890 ipse
2057 2808 2476 2872 monebat—
2502 2823 2507 2824 ⁷

669 2914 756 2977 Et
789 2911 1069 2976 Cereale
1093 2911 1307 2974 solum
1342 2910 1560 2993 pomis
1592 2912 1968 2992 agrestibus
2000 2920 2267 2993 augent.

666 3015 1098 3097 Consumptis
1131 3014 1237 3079 hic
1270 3015 1445 3078 forte
1477 3014 1640 3089 aliis,
1675 3024 1748 3077 ut
1777 3025 2032 3078 vertere
2066 3035 2324 3079 morsus

668 3119 998 3201 Exiguam
1032 3118 1099 3182 in
1132 3118 1444 3183 Cererem
1478 3119 1759 3201 penuria
1790 3118 2012 3199 adegit
2044 3117 2285 3181 edendi

670 3224 757 3288 Et
786 3224 1036 3288 violare
1068 3243 1270 3286 manu
1302 3223 1630 3306 malisque
1664 3221 2028 3285 audacibus
2062 3221 2288 3285 orbem

670 3328 926 3392 Fatalis
959 3328 1161 3391 crusti
1195 3328 1441 3410 patulis
1474 3347 1600 3390 nec
1634 3346 1908 3409 parcere
1943 3325 2249 3408 quadris:

668 3438 705 3465 “
732 3433 942 3507 Heus,
978 3431 1178 3495 etiam
1212 3452 1480 3495 mensas
1513 3430 2003 3494 consumimus!
2030 3431 2065 3455 ''
2116 3430 2329 3512 inquit
2372 3430 2574 3505 IuluS,

669 3537 814 3601 Nec
847 3538 1039 3618 plura
1071 3535 1412 3598 adludens.
1515 3535 1614 3597 Ea
1646 3556 1772 3603 vox
1805 3536 2032 3599 audita
2066 3535 2363 3598 laborum

669 3640 886 3704 Prima
921 3635 1069 3702 tulit
1103 3640 1320 3713 finem,
1359 3638 1775 3721 primamque
1809 3638 2140 3722 loquentis
2171 3638 2256 3701 ab
2289 3658 2399 3701 ore

671 3743 934 3832 Eripuit
966 3753 1176 3830 pater,
1211 3763 1289 3807 ac
1322 3743 1743 3831 stupefactus
1774 3744 2046 3813 numine
2080 3743 2339 3828 pressit.
