3015 4288
467 254 586 336 196

455 553 554 616 480

448 1606 548 1657 4⁹0

449 2124 544 2180 495

1171 259 1488 316 VERGILI
1542 261 1704 317 AEN
1712 262 1948 318 EIDOS

633 438 766 503 Hic
799 437 1086 505 subitam
1119 438 1400 506 canibus
1428 440 1682 506 rabiem
1714 440 1994 528 Cocytia
2023 439 2215 525 virgo

632 537 860 609 Obicit
890 553 960 609 et
988 553 1150 610 noto
1179 564 1378 609 nares
1409 544 1739 628 contingit
1767 545 1989 622 odore,

630 648 729 714 Ut
760 667 1032 713 cervum
1063 648 1379 713 ardentes
1411 658 1731 732 agerent:
1778 668 1951 733 quae
1983 648 2200 734 prima
2229 648 2533 713 laborum

630 750 856 819 Causa
884 751 1016 817 fuit
1043 751 1355 836 belloque
1391 752 1652 818 animos
1686 752 1994 817 accendit
2025 763 2344 836 agrestes,

717 855 974 924 Cervus
1003 866 1151 922 erat
1181 856 1401 922 forma
1433 855 1805 940 praestanti
1835 866 1904 922 et
1935 857 2249 921 cornibus
2278 859 2539 939 ingens,

628 960 1005 1046 Tyrrhidae
1036 961 1227 1045 pueri
1258 981 1457 1045 quem
1491 958 1725 1026 matris
1754 960 1842 1024 ab
1872 959 2077 1026 ubere
2107 970 2372 1044 raptum

632 1064 996 1130 Nutribant
1025 1065 1505 1151 Tyrrheusque
1540 1075 1751 1149 pater,
1784 1066 1894 1131 cui
1923 1064 2111 1148 regia
2140 1073 2383 1149 parent

629 1169 980 1246 Armenta,
1014 1178 1082 1234 et
1114 1170 1250 1234 late
1280 1169 1585 1233 custodia
1616 1170 1869 1234 credita
1901 1167 2143 1254 campi.
2282 1247 2288 1255 .

628 1272 1009 1338 Adsuetum
1040 1273 1340 1358 imperiis
1372 1294 1560 1338 soror
1592 1274 1776 1338 omni
1808 1272 2019 1340 Silvia
2046 1292 2209 1340 cura

629 1376 949 1442 Mollibus
977 1378 1286 1443 intexens
1320 1378 1604 1443 ornabat
1635 1397 1891 1442 cornua
1930 1376 2143 1456 sertis,

630 1480 1079 1565 Pectebatque
1110 1482 1350 1559 ferum,
1386 1502 1691 1566 puroque
1721 1483 1790 1544 in
1823 1481 2011 1547 fonte
2042 1480 2330 1546 lavabat.

629 1584 774 1662 Ille,
807 1604 1080 1649 manum
1113 1586 1381 1669 patiens
1410 1604 1821 1669 mensaeque
1852 1584 2171 1650 adsuetus
2199 1584 2363 1663 erili,

629 1687 914 1753 Errabat
944 1688 1148 1767 silviS,
1182 1708 1546 1772 rursusque
1577 1688 1664 1752 ad
1695 1688 1927 1752 limina
1955 1698 2119 1753 nota

628 1791 787 1875 Ipse
819 1792 1090 1857 domum
1122 1812 1274 1857 sera
1304 1792 1611 1876 quamvis
1644 1813 1718 1857 se
1749 1801 1947 1857 nocte
1980 1792 2258 1857 ferebat.

715 1895 921 1960 Hunc
953 1894 1186 1979 procul
1217 1905 1552 1960 errantem
1585 1895 1860 1960 rabidae
1888 1895 2199 1960 venantis
2231 1895 2362 1961 Iuli

624 2000 1064 2067 Commovere
1095 2020 1319 2078 caneS,
1354 1998 1558 2064 fluvio
1589 2020 1743 2064 cum
1776 2000 1952 2064 forte
1984 1998 2282 2064 secundo

628 2103 991 2182 Deflueret,
1026 2102 1304 2188 ripaque
1336 2114 1564 2169 aestus
1594 2103 1926 2169 viridante
1957 2101 2227 2169 levaret.

627 2209 787 2292 Ipse
817 2208 1038 2286 etiam,
1072 2209 1354 2273 eximiae
1385 2208 1602 2272 laudis
1634 2227 1999 2272 succensus
2029 2226 2278 2286 amore,

505 2321 511 2332 ’
624 2311 962 2377 Ascanius
993 2333 1197 2377 curvo
1229 2313 1486 2377 derexit
1518 2311 1775 2397 spicula
1810 2332 2056 2390 cornu3

451 3166 542 3221 ⁵0⁵

447 3688 546 3744 5¹0

627 2416 775 2481 Nec
805 2416 1077 2482 dextrae
1108 2416 1360 2482 erranti
1391 2416 1560 2481 deus
1591 2416 1782 2494 afuit,
1817 2425 2100 2499 actaque
2131 2414 2342 2481 multo

627 2521 884 2604 Perque
915 2530 1177 2585 uterum
1212 2521 1436 2585 sonitu
1470 2540 1726 2604 perque
1758 2519 1872 2584 ilia
1901 2520 2087 2584 venit
2117 2519 2395 2584 arundo.

626 2623 907 2689 Saucius
938 2633 1009 2688 at
1036 2624 1421 2708 quadrupes
1452 2634 1616 2688 nota
1645 2623 1821 2688 intra
1849 2632 2029 2688 tecta
2058 2623 2329 2706 refugit,

626 2728 1095 2811 Successitque
1123 2748 1406 2811 gemens
1438 2727 1735 2806 stabuliS,
1770 2736 2144 2812 questuque
2175 2737 2492 2793 cruentus

625 2832 856 2916 Atque
882 2831 1270 2915 imploranti
1303 2833 1536 2897 similis
1566 2842 1819 2897 tectum
1851 2852 2047 2897 omne
2079 2830 2400 2916 replebat.

711 2936 918 3002 Silvia
950 2936 1163 3019 prima
1193 2956 1396 3014 soror,
1431 2937 1673 3021 palmis
1704 2956 2026 3021 percussa
2056 2936 2356 3011 lacertOS,

623 3039 969 3118 Auxilium
999 3050 1195 3104 vocat
1226 3050 1296 3106 et
1325 3040 1530 3106 duros
1562 3041 1941 3106 conclamat
1971 3049 2290 3122 agrestes.

623 3143 780 3221 Olli,
814 3144 1023 3227 pestis
1053 3143 1231 3207 enim
1264 3145 1482 3210 tacitis
1519 3145 1681 3210 latet
1713 3165 1953 3228 aspera
1985 3144 2186 3220 silvis,

624 3247 982 3331 Improvisi
1012 3249 1274 3328 adsunt,
1309 3251 1417 3316 hic
1449 3262 1629 3317 torre
1662 3260 1959 3316 armatus
1991 3248 2249 3326 obusto,

625 3350 887 3434 Stipitis
920 3353 1029 3418 hic
1059 3355 1318 3437 gravidi
1350 3356 1581 3432 nodis3
1629 3355 1806 3440 quod
1838 3354 2079 3437 cuique
2111 3361 2448 3435 repertum

625 3455 945 3533 Rimanti,
980 3460 1186 3523 telum
1218 3461 1315 3523 ira
1347 3460 1527 3523 facit.
1622 3460 1841 3524 Vocat
1872 3458 2144 3539 agmina
2171 3455 2537 3541 Tyrrhena

622 3560 1084 3644 Quadrifidam
1118 3583 1436 3646 quercum
1469 3565 1700 3627 cuneis
1732 3573 1805 3626 ut
1837 3563 2012 3626 forte
2045 3559 2291 3626 coactis

624 3665 1006 3742 Scindebat,
1040 3675 1235 3748 rapta
1267 3668 1529 3748 spirans
1564 3666 1852 3729 immane
1887 3664 2118 3728 securi.

621 3769 722 3836 At
751 3789 954 3836 saeva
985 3791 1022 3835 e
1055 3770 1345 3854 speculis
1378 3779 1644 3853 tempus
1676 3769 1802 3833 dea
1833 3777 2030 3832 nacta
2061 3767 2348 3831 nocendi
